3872 5944
817 452 1034 512 PRAEFATIO.
1540 473 1585 515 ιιῐ

303 619 352 628 -
368 577 456 648 lbid.
477 578 623 649 Gaulm.
647 583 698 649 ἐπὶ
713 588 769 658 τὴν
785 584 959 677 Αὐλίκωμιν
979 589 1204 679 συγκαλάσοιτο.
1222 587 1258 654 L.
1273 590 1581 676 προσανακαλέσοιτο.

257 697 356 769 Unde
376 700 515 771 correxi
533 709 828 797 προσανεκαλέσατο.

302 827 381 907 VH,
412 849 441 892 1.
466 823 607 895 Gaulm.
628 828 691 895 Καὶ
708 826 750 894 τὰ
774 829 893 921 θύματα
908 829 975 922 περὶ
988 833 1044 904 τὴν
1059 826 1204 923 Ῠσμίνην.
1221 829 1286 898 Καὶ
1306 830 1398 898 πάλιν
1412 834 1473 925 ἐγὼ
1489 832 1584 898 θύσων

252 950 323 1014 ὅλον
339 947 475 1022 ἑαυτὸνῆ
493 950 572 1040 θῦμα
591 953 646 1024 τὴν
666 944 775 1042 Ῠμίνην
790 947 909 1018 λαθεῖν.
929 948 1058 1020 Addidi
1081 955 1244 1045 ἐπιθυμῶν,
1261 974 1302 1020 ex
1321 974 1395 1046 quo
1408 946 1581 1047 penderet

252 1068 359 1139 λαύεῖν
382 1069 556 1167 quodque
580 1070 729 1143 sortasse
758 1074 904 1145 evanuit
925 1088 1074 1172 propter
1096 1074 1371 1147 similitudinem
1387 1099 1518 1146 vocum
1537 1079 1583 1145 θύ-

254 1221 357 1286 ματα,
376 1198 490 1281 θύσων,
509 1199 599 1291 θύμα.

300 1359 348 1370 -
364 1317 398 1387 8.
414 1317 557 1391 Gaulm.
571 1324 606 1388 ἐκ
619 1324 748 1417 πρῴρης.
761 1321 907 1390 Correxi
917 1320 977 1390 hic
988 1334 1025 1391 et
1038 1324 1134 1410 Vm,
1155 1324 1188 1409 4,
1207 1326 1343 1418 πρῴρας,
1362 1319 1426 1391 sed
1439 1319 1581 1415 vulgata

252 1438 396 1508 retineri
420 1453 558 1535 φυσεις,
581 1464 664 1511 nam
686 1464 778 1538 saepe
802 1440 910 1525 ἰωνῖζει
928 1441 1155 1513 Eumarhius.

298 1602 348 1612 -
361 1587 396 1658 9.
423 1573 505 1641 Ναῢς
529 1591 578 1657 μοι
600 1563 744 1652 παστὰς,
761 1565 814 1633 καὶ
835 1578 919 1660 κῦμα
937 1568 1048 1660 τάφος,
1075 1569 1126 1635 καὶ
1151 1571 1320 1660 πνεύματος
1343 1558 1417 1658 ἦχος
1433 1569 1580 1659 ὑμέναιος.

250 1691 319 1755 Pro
333 1686 427 1778 τάφος
442 1708 536 1757 corr.
556 1690 704 1782 θάλαμός.
728 1687 781 1758 Cs.
811 1713 865 1784 19.
883 1691 1017 1783 θάλαμός
1032 1717 1081 1759 σοι
1098 1691 1149 1759 καὶ
1166 1691 1290 1784 τάφυςή
1306 1692 1459 1760 θάλασσα.

296 1812 395 1895 Vlll,
423 1811 458 1882 3.
485 1808 628 1880 Gaulm.
656 1823 692 1880 et
708 1808 818 1889 codd.
844 1818 860 1879 ὀ
879 1816 934 1906 μὲν
948 1811 996 1881 οὖν
1009 1810 1047 1890 δὴ
1061 1816 1178 1907 πυθμὴν
1199 1825 1255 1893 τῆς
1270 1818 1402 1910 τριήρους
1419 1814 1471 1883 καὶ
1485 1814 1580 1882 νιανὶ·

248 1964 334 2016 σκους
357 1937 407 2004 καὶ
429 1938 497 2014 τοὺς
521 1928 633 2029 άνδρας
653 1928 790 2029 ἐδέχετο.
809 1935 945 2006 Inserui
969 1941 1037 2017 τοὺς
1056 1950 1138 2007 ante
1154 1939 1334 2017 νεανίσκους.

295 2100 345 2110 -
369 2060 424 2142 14.
451 2056 556 2151 Vulg.
586 2059 626 2124 Εἰ
646 2054 681 2126 δὲ
704 2058 758 2126 καὶ
781 2060 935 2152 στεφάνων
966 2054 1080 2154 δάφνας
1100 2063 1279 2153 παρθενικῆς
1303 2065 1446 2154 στέφανον
1472 2065 1506 2128 ἐκ
1529 2062 1576 2153 ρύ-

247 2181 308 2253 δων
323 2187 473 2280 ἐρωτικόν.
500 2183 635 2252 Inserui
650 2189 685 2253 εἰι
703 2198 785 2254 ante
795 2178 911 2279 δάφνης
925 2200 962 2257 et
976 2186 1114 2257 correxi
1131 2191 1334 2279 παρθενικῶν,
1349 2183 1450 2281 quod
1462 2183 1578 2280 requi·

247 2307 375 2379 rebant
395 2307 594 2403 sequentia.

295 2474 342 2485 -
364 2433 451 2502 thid.
469 2430 572 2525 Vulg.
591 2435 644 2499 καὶ
668 2442 757 2529 χεῖρα
782 2427 937 2504 δεσπότου
963 2424 1061 2531 arde-r
1085 2428 1289 2502 διδάσκαλον.
1315 2431 1396 2502 Feci
1413 2443 1474 2518 ul,
1494 2453 1575 2498 mu·

247 2567 321 2623 tato
338 2567 477 2624 tanturn
493 2553 622 2627 ordine
642 2557 859 2645 verborum,
881 2570 1063 2628 constaret
1089 2553 1251 2643 iambus,
1280 2577 1391 2650 quem
1408 2552 1459 2622 sic
1484 2575 1572 2621 con·

245 2675 408 2746 stitueral
422 2678 568 2749 Gaulm.
587 2686 683 2775 κτήσῃ
704 2675 738 2748 δὲ
756 2688 844 2773 χεῖρα
859 2675 1004 2749 δεσπότου
1022 2675 1223 2749 διδάσκαλον.

295 2800 360 2885 ΙΧ,
393 2824 421 2868 ι.
440 2800 585 2871 Gaulm.
609 2807 685 2872 etA
705 2805 780 2872 CD
800 2804 869 2872 ΕΗ
890 2806 948 2872 lK
967 2804 999 2873 N
1015 2806 1047 2887 Q
1072 2805 1124 2871 καὶ
1141 2804 1243 2894 βωμὸν
1270 2791 1438 2893 Ᾰρτέμιδος
1461 2797 1572 2890 παρθέ-

243 2950 292 2990 νου
308 2926 420 3017 κόσμον
435 2928 548 3017 ἔχουσα
568 2932 714 3021 κεφαλήν.
736 2931 760 2996 B
773 2931 805 2998 G
818 2930 845 2995 L
859 2931 885 2997 P
905 2929 934 2996 R
952 2936 1080 3022 κεφαλῇ.
1099 2930 1197 2996 Corr.
1221 2930 1401 3018 κιφαλαῖον.

292 3086 341 3098 -
360 3070 394 3142 7.
422 3048 522 3144 Vulg.
546 3053 651 3120 ἱστῶσί
674 3079 729 3144 μου
742 3049 826 3119 κατὰ
844 3053 1000 3145 μέτωπον.
1017 3048 1117 3119 Gerr.
1134 3048 1244 3118 ἱστῶσί
1258 3074 1320 3140 μοι.

168 3220 178 3235 ·
291 3214 338 3226 -
353 3184 387 3245 8.
411 3178 513 3269 Vrdg.
535 3170 740 3272 ὀροιάδυυλος.
754 3181 844 3270 Lege
855 3171 1034 3271 ὁμόδουλος,
1053 3172 1153 3271 quod
1168 3196 1260 3272 saepe
1280 3171 1437 3246 occurrit
1456 3167 1491 3239 in
1507 3172 1575 3239 Eu·

243 3301 395 3374 marhi0.
415 3299 494 3371 vid.
516 3325 536 3396 7
553 3314 589 3370 ει
602 3300 748 3397 passim.

289 3468 339 3480 -
354 3451 389 3522 9.
409 3422 512 3519 Vulg.
526 3425 561 3494 οὗ
576 3428 727 3493 πιστεύειν
744 3431 810 3503 τοῖς
824 3424 1018 3519 γράμμασιν,
1034 3427 1067 3489 οὐ
1082 3424 1310 3515 συνιχωρούμην
1331 3429 1395 3501 τοῖς
1415 3421 1574 3516 γράμμασι

242 3554 296 3619 καὶ
312 3559 375 3628 τοῖς
387 3548 545 3644 πράγμασι
569 3550 722 3616 πιστεύειν
746 3549 854 3615 ἐθέλων
871 3551 905 3614 οὐ
922 3548 1147 3641 ουνεχωρυύμην
1161 3552 1224 3624 τοῖς
1244 3544 1415 3640 γράμμασι.
1435 3545 1520 3637 Leg.
1539 3544 1572 3645 οὗ

241 3676 389 3743 πιστεύων
403 3668 460 3740 vel
474 3671 507 3739 οὗ
526 3672 681 3738 πιστεύειν
696 3670 819 3737 ἐθάλεον.

289 3838 338 3849 -
358 3794 413 3866 16.
432 3793 577 3865 Gaulm.
598 3806 634 3862 et
657 3795 670 3860 Ι
700 3801 718 3868 ἡ
739 3784 772 3860 δ’
793 3791 841 3860 αὖ·
863 3798 897 3859 οὐ
918 3802 972 3860 τοῦ
987 3802 1036 3859 νῦν
1057 3792 1126 3860 ἐστὶ
1143 3801 1246 3859 ταῦτα
1268 3794 1385 3883 καίρου.
1403 3790 1444 3859 Α.
1470 3791 1504 3856 Β.
1526 3791 1570 3859 G.

240 3926 270 3990 Η
288 3925 301 3990 l
318 3923 346 3989 K
361 3922 389 3988 L
406 3922 431 3987 N
446 3922 472 3988 Ρ
489 3920 521 4002 Q
542 3924 560 3992 ἡ
577 3913 606 3984 δ’
625 3916 673 3984 αὖ·
694 3912 726 4008 μ’
741 3921 774 3984 οὐ
788 3927 843 3983 τοῦ
858 3926 907 3983 νῦν
926 3941 955 3982 κ.
976 3942 1009 3984 τ.
1031 3922 1064 3984 λ.
1077 3918 1120 3984 R.
1139 3925 1208 4009 μού.
1228 3916 1310 4006 Leg.
1330 3920 1348 3987 ἡ
1374 3907 1405 3978 δ’
1426 3909 1480 3978 αθ·
1499 3895 1573 3978 ἀλλ’

240 4050 273 4112 οὐ
294 4070 325 4111 κ.
347 4071 378 4111 τ.
393 4050 428 4111 λ.

288 4171 342 4254 Χ,
376 4189 431 4260 17.
450 4161 592 4235 Gaulm.
615 4162 709 4258 άρχκς
730 4160 783 4231 ἀπ’
804 4160 894 4256 άκρης
912 4161 966 4229 καὶ
996 4164 1101 4254 μέχρις
1121 4166 1228 4238 αὐτῆς.
1244 4154 1365 4233 ¹Codd.
1389 4155 1441 4223 καὶ
1467 4158 1570 4248 μέχρις

206 4314 213 4323 ·
239 4287 334 4382 άιιρης
348 4293 443 4367 αὐτῆς
457 4296 613 4366 τελευτῆς.
634 4284 770 4355 Inserui
788 4296 844 4363 τῆς
864 4295 945 4352 ante
971 4277 1320 4367 τελευτῆς,5υιιάθι]ῑθ
1336 4273 1568 4346 Boissonadio

240 4409 285 4481 ad
300 4411 467 4482 Philoslr.
483 4408 591 4506 Epist.
607 4433 643 4505 p.
668 4405 747 4478 153.

288 4541 358 4625 xl,
379 4539 415 4620 Δ.
436 4533 579 4606 Gaulm.
594 4529 871 4627 τίχνηςζωρράφοο
880 4546 916 4598 et
933 4528 984 4597 sic
994 4525 1110 4596 caeteri
1126 4521 1235 4595 codd.
1257 4535 1386 4620 praerer
1402 4523 1428 4590 B
1442 4520 1478 4593 in
1493 4544 1567 4617 quo

240 4685 368 4731 manus
384 4658 564 4729 recentior
578 4656 732 4743 correxit
760 4654 883 4747 τέχνηξ,
909 4649 1008 4748 quod
1023 4662 1166 4720 seculus
1179 4669 1273 4718 sum.

287 4827 335 4838 -
360 4809 414 4856 ιο.
444 4782 548 4878 Vulg.
565 4785 657 4852 εἰπεῖν
673 4778 704 4850 δ’
722 4780 861 4875 αἰσχύνη.
885 4779 985 4847 Corr.
1003 4775 1144 4870 αἰσχύνῃ.

286 4950 335 4963 -
363 4907 418 4979 13.
449 4907 554 5001 Vulg.
576 4907 627 4974 καὶ
647 4906 719 5000 πρὸς
743 4909 798 4980 τὴν
831 4902 984 4973 θάλασσαν
1005 4896 1166 4993 ῆλιγγίων.
1198 4898 1274 4963 Ser.
1299 4893 1455 4988 ιλιγγίων.
1485 4887 1564 4959 Vid.

238 5030 366 5101 Jacobs
384 5029 427 5101 ad
446 5028 575 5100 ΛοΙιίΙΙ.
592 5032 666 5098 Tar.
683 5051 718 5123 p.
743 5021 821 5096 565.
