3866 5956
576 514 583 526 ,
688 452 1034 515 ruertrtuucunt.
1469 463 1526 517 tot

197 590 417 686 squalorem,
433 587 613 676 tenebras,
627 587 787 675 luctum,
800 601 836 657 et
850 588 939 658 dum
957 588 1030 663 lruc
1052 601 1088 657 et
1098 587 1182 658 illuc
1197 587 1298 659 urbis
1313 590 1526 683 ingreditur,

131 731 162 779 ·.
200 736 284 783 mox
300 725 427 783 cantus
442 709 543 782 audit
560 726 597 781 et
613 713 773 783 carmina
791 686 919 809 puelle
932 711 1035 805 cujus
1056 726 1111 783 tot
1126 727 1212 783 sunt
1228 713 1415 807 aenigmata
1436 729 1527 809 quot

200 859 317 907 voees.
331 833 541 931 Apollonius
551 848 638 904 tunc
650 834 816 930 conjicit,
830 836 929 932 capit
939 850 977 905 et
989 861 998 903 ε
1012 840 1151 924 Meum,
1163 858 1392 925 eccemeum,
1407 835 1524 908 excla-

200 972 287 1046 mat,
301 955 529 1051 sanguineml
557 974 688 1044 meam,
702 982 744 1028 ex
758 981 817 1028 me
828 972 962 1046 natam,
981 944 1155 1028 Tarsiaml
1172 962 1216 1028 Et
1231 958 1341 1029 ambo
1351 983 1423 1030 una
1441 974 1520 1030 ten·

200 1079 292 1152 dunt
308 1079 505 1187 Ephesum,
523 1079 586 1151 ubi
602 1104 703 1152 suam
719 1078 911 1178 Apollonio
922 1105 1201 1171 uxorem,suam
1225 1081 1352 1153 Tarsia
1376 1097 1527 1155 matrem

202 1205 354 1275 Artemis
370 1203 537 1275 servabat
557 1219 594 1275 et
607 1204 787 1277 tuebatur.

247 1326 385 1413 Quodsi
402 1327 508 1397 iubis
523 1326 694 1399 omnibus
711 1328 777 1398 Dei
800 1327 879 1398 Vivi
901 1326 1034 1423 fulgide
1049 1342 1198 1426 apparet
1211 1328 1407 1426 providens
1422 1311 1528 1400 mise·

202 1450 355 1521 ricordia
367 1503 377 1539 ,
389 1449 550 1546 ejusdem
563 1476 638 1521 non
654 1452 773 1522 minus
785 1451 962 1546 justitiam
977 1452 1162 1523 declarant
1173 1476 1246 1522 non
1262 1451 1373 1522 modo
1388 1453 1530 1524 coelitus

202 1575 407 1671 interempti
433 1573 629 1644 Antiochus
657 1589 694 1644 et
715 1574 801 1664 filia,
822 1599 980 1671 quorum
998 1589 1228 1672 portentosos
1252 1575 1437 1672 amplexus
1455 1576 1528 1645 dis·

198 1696 459 1789 junxitlulmen
472 1721 513 1768 ac
523 1696 624 1792 fregit
634 1723 643 1783 ;
653 1696 832 1768 sedetiam
849 1699 1039 1793 Dionysias
1054 1712 1089 1767 et
1103 1698 1327 1793 Strongulio,
1348 1697 1531 1796 lapidibus

202 1819 324 1889 obruti
342 1814 497 1916 aplebe,
516 1835 552 1889 et
573 1821 752 1890 Lenonius
766 1819 863 1906 leno,
882 1820 945 1915 qui
958 1821 1059 1890 vivus
1073 1820 1159 1890 arsit
1173 1834 1209 1890 et
1226 1821 1444 1891 combustus
1463 1836 1528 1892 est.

251 1942 441 2037 Legeutein
456 1964 579 2013 rursus
594 1968 668 2013 non
696 1942 922 2013 mediocriter
944 1943 1107 2039 juvabit,
1125 1944 1153 2013 si
1171 1944 1416 2033 Hellanicum‚
1442 1971 1532 2042 pau·
1625 1988 1628 1992 ·

204 2066 390 2162 perculum
406 2065 504 2137 hunc
523 2068 751 2164 piscatorem,
767 2067 830 2162 qui
843 2066 1016 2161 naufrago
1041 2067 1216 2162 nudoque
1228 2068 1398 2163 injecerat
1423 2069 1533 2166 Apol-

204 2187 304 2258 lonio
321 2189 445 2260 lacere
461 2189 557 2260 laenae
578 2214 650 2260 suae
676 2204 835 2288 partem,
856 2191 986 2261 viderit
1002 2190 1190 2285 magnifice
1210 2189 1387 2262 donatum
1408 2216 1429 2261 a
1456 2217 1532 2262 sce·

198 2313 344 2408 ptucbo
360 2329 483 2384 nostro
500 2314 599 2384 baud
614 2315 837 2402 immemori,
850 2316 907 2386 cui
923 2314 1093 2412 deinceps
1106 2315 1313 2404 Antiochia,
1330 2321 1453 2412 Tyrus,
1465 2321 1532 2412 Cy·

180 2478 187 2489 ·
204 2460 363 2532 teneque
379 2452 583 2532 regnantur.

833 2702 901 2768 tv,

256 2937 470 3035 Respicienti
482 2951 603 3007 autem
616 2936 660 3006 ad
671 2936 844 3025 diversos,
862 2937 1290 3033 prorationetemporum
1300 2962 1342 3008 ac
1352 2935 1530 3024 locorum,

206 3060 397 3132 hominum
418 3084 557 3146 mores,
574 3060 735 3156 proderit
750 3058 867 3128 obiter
891 3073 1034 3146 notare,
1060 3057 1160 3129 hunc
1177 3061 1275 3156 apud
1296 3060 1531 3157 Apollonium

207 3198 372 3253 nostrum
388 3207 472 3253 curn
495 3197 530 3252 ct
546 3182 637 3268 alia,
656 3196 732 3252 tum
748 3206 828 3276 quae
843 3178 937 3251 dicta
955 3195 1041 3251 sunt
1061 3180 1107 3251 de
1128 3182 1377 3278 proficiscendi
1402 3182 1532 3272 literis,

205 3304 329 3399 gallice
345 3320 543 3402 prusa-port
562 3329 627 3376 seu
651 3305 778 3399 congd;
795 3304 841 3375 de
856 3302 1027 3401 peculiari
1041 3305 1169 3375 vestitu
1186 3330 1296 3401 quem
1312 3308 1414 3402 quis,
1432 3309 1530 3376 Ario-

206 3428 477 3517 nisinmodum,
489 3427 677 3517 induebat,
695 3429 864 3524 tragicam
875 3429 1097 3501 comicaune
1112 3453 1303 3528 personam
1314 3424 1536 3520 acturus3'de

205 3551 626 3623 sublatorumincrucem
634 3577 821 3623 servorum
831 3552 1275 3650 dirumpendiscrnribus;
1289 3556 1335 3625 de
1343 3557 1536 3654 praebenda

207 3673 377 3746 uxoribus
398 3698 419 3744 a
435 3674 520 3744 viris
534 3673 643 3761 dote,
669 3689 706 3744 et
729 3674 775 3746 de
788 3674 908 3746 multis
926 3676 1003 3747 aliis
1019 3676 1127 3746 rebus
1142 3677 1179 3748 id
1194 3702 1324 3773 genus,
1344 3704 1435 3777 quas
1455 3680 1534 3750 lou-

205 3797 348 3889 giusest
364 3797 551 3866 recenseri.
898 3780 908 3795 ⁸

240 3919 322 3989 ·Sed
345 3919 453 3990 finem
480 3919 622 3990 facienti
639 3918 744 3991 liceat
758 3921 847 3991 milri
873 3923 1003 3993 iterum
1028 3947 1228 3995 asseverare
1247 3924 1346 3995 hunc
1367 3939 1535 3995 nostrum
1603 3936 1608 3947 '

206 4044 352 4112 Lutetiae
376 4041 669 4130 membraneum,
698 4043 748 4113 ob
774 4044 943 4114 amissum
963 4043 1102 4115 scilicet
1123 4060 1158 4115 et
1181 4046 1288 4141 plane
1306 4045 1535 4141 desperatum

206 4170 403 4259 rpurdmucv
433 4163 611 4260 Apollonii
648 4164 803 4254 librum,
839 4166 889 4235 ob
918 4165 1073 4236 deletam
1101 4166 1175 4236 imo
1209 4164 1370 4260 ejusdem
1400 4167 1436 4234 in
1456 4190 1535 4236 ver·

205 4309 266 4355 sus
285 4286 451 4382 politicos
477 4286 767 4376 translationem,
797 4288 1020 4383 paucissimis
1045 4302 1163 4357 tamen
1194 4287 1351 4383 exceptis
1370 4287 1534 4375 vocibus,

205 4433 286 4502 qum
311 4410 447 4480 Cambii
473 4410 642 4480 nostratis
666 4412 701 4479 in
721 4410 932 4505 glossarium
954 4425 1125 4506 tanquam
1150 4409 1185 4479 iu
1209 4425 1357 4506 portum
1382 4434 1535 4480 emerse-

207 4544 307 4618 rant,
316 4532 391 4627 jam
408 4533 687 4604 vetustissimum
712 4533 876 4602 omnium
892 4533 1019 4603 etideo
1035 4531 1247 4602 fidissimum
1263 4532 1437 4620 evasisse,
1455 4532 1537 4603 licet

205 4653 335 4747 <punto
351 4659 534 4752 Reparatze
554 4655 685 4727 Salutis
699 4656 829 4759 saeculo
849 4656 1085 4752 compositus,
1106 4670 1250 4749 quarto,
1276 4679 1350 4724 non
1368 4655 1482 4750 prius,
1502 4670 1539 4725 et

205 4775 370 4866 decimo,
384 4778 502 4849 latinis
520 4778 575 4848 nis
591 4780 701 4850 literis
715 4804 794 4875 qnae
810 4793 1020 4875 sequentur,
1042 4780 1086 4849 sit
1105 4778 1390 4849 commendatus.
1616 4764 1621 4771 ’

257 4903 503 4987 Quamobrem
520 4928 591 4974 non
618 4903 752 4974 ntdlius
779 4905 855 4974 lore
884 4903 1045 4973 utilitatis
1073 4916 1238 4990 autumo,
1255 4904 1284 4973 si
1313 4901 1540 4973 emendatius

205 5021 280 5114 jam
294 5050 391 5096 nurtc
414 5052 457 5096 ex
473 5027 598 5098 codice
617 5029 775 5099 Parisino
801 5027 960 5116 editum,
984 5025 1329 5122 Praefatiunculaque
1347 5039 1382 5096 et
1399 5027 1540 5097 Notulis
