3954 5978
846 470 1022 531 suomet.

128 604 195 663 liam
211 623 304 664 meam
325 604 509 665 nutriendam
528 605 718 683 nequissimis
737 604 909 665 hominibus

126 700 337 759 commendari.
361 698 397 758 Et
413 700 446 759 in
463 699 580 779 dlgypti
602 698 803 779 partibusllll
823 701 909 759 annis

128 794 178 855 lui.
207 794 383 855 advenienti
402 812 473 854 vero
494 808 527 853 ut
548 795 638 855 liliam
663 814 756 854 meam
768 809 907 875 peterem,

126 886 263 948 dixerunt
276 910 339 949 eam
357 909 421 950 esse
435 889 609 957 deiummm.
623 890 660 948 Et
670 891 757 964 dum,
773 891 908 950 redivivo

101 983 220 1057 fluctu,
243 985 420 1063 lugubribus
434 986 615 1060 involveret,
632 987 708 1046 mori
729 989 859 1066 cupienti
871 988 908 1045 ti-

126 1080 192 1140 liam
212 1103 306 1143 meam
322 1083 487 1144 reddidisti.
502 1082 576 1143 Cum
590 1084 652 1144 haec
665 1098 695 1144 et
714 1085 825 1145 similia
841 1104 908 1145 nar·

126 1192 211 1255 iaret,
221 1180 332 1240 levarit
349 1198 380 1239 se
399 1179 588 1239 Archistratis
600 1200 675 1240 uxor
689 1182 797 1260 ipsius,
808 1194 837 1240 et
850 1181 910 1240 ruit

126 1273 156 1331 in
167 1275 334 1353 amplexum
346 1274 421 1352 ejus.
435 1275 611 1353 apollonius
630 1295 714 1353 vero,
730 1295 790 1335 non
803 1289 909 1354 putans

124 1387 185 1428 esse
198 1371 353 1448 conjugem
367 1389 468 1444 suam,
488 1371 599 1449 repulit
611 1390 674 1429 eam
693 1390 772 1444 ase,
794 1384 823 1430 et
839 1371 907 1443 illa,

91 1477 188 1526 ¹⁰cutn
213 1467 369 1546 lacrymis,
386 1487 459 1526 voce
479 1487 582 1545 magna
604 1467 758 1542 clamavit,
782 1468 907 1527 dicensi

124 1562 184 1639 Ego
205 1584 270 1624 sum
292 1565 401 1644 conjux
422 1578 470 1624 tua
489 1564 692 1639 archistratis,
712 1565 789 1642 regis
804 1566 909 1624 Archi·

124 1662 204 1719 strati
225 1662 298 1722 filia.
314 1661 351 1720 Er
371 1661 487 1721 mittens
500 1681 531 1721 se
556 1662 662 1722 iterum
686 1663 718 1720 in
740 1662 908 1741 amplexum

1682 490 1737 543 621

955 603 1076 663 reddere
1099 605 1266 664 noluerunt.
1282 605 1427 665 Scelerata
1442 606 1549 667 mulier
1562 610 1603 669 ait
1626 633 1633 667 ι
1658 612 1740 674 tione

954 697 1093 771 domine,
1108 699 1254 777 numquid
1275 720 1336 760 non
1358 714 1388 761 tu
1411 703 1476 780 ipse
1497 704 1615 762 titulum
1637 725 1740 767 monu-

955 797 1043 854 menti
1058 796 1124 874 ejus
1135 797 1253 873 legisti?
1273 798 1402 857 Domina
1416 800 1530 874 Tarsia,
1543 813 1611 859 nata
1621 802 1737 878 dulcis,

954 893 979 951 si
1011 894 1080 971 quis
1103 907 1199 953 tamen
1225 894 1303 974 apud
1325 895 1436 954 inferos
1457 915 1580 970 sensus,
1606 899 1740 977 relinque

954 1000 1107 1048 tartareum
1119 990 1237 1049 domum
1246 1030 1255 1062 ,
1263 1002 1293 1048 et
1299 992 1443 1067 genitoris
1451 993 1494 1051 tui
1508 1010 1608 1053 vocem
1620 994 1738 1056 exaudi.
1753 1015 1767 1052 ι

1231 1143 1326 1210 CAP.
1357 1144 1460 1213 XLll.

993 1277 1095 1337 Puella
1104 1278 1223 1358 depost*
1238 1279 1380 1353 tribunal,
1395 1282 1477 1357 regio
1496 1280 1599 1340 habitu
1613 1283 1739 1342 circum-

953 1370 1033 1441 data,
1052 1373 1146 1451 capite
1161 1373 1256 1431 velato
1270 1373 1430 1452 processit;
1446 1387 1486 1446 et,
1502 1374 1627 1432 revelata
1648 1375 1737 1449 facie,

954 1467 1070 1525 mulieri
1096 1467 1195 1526 dixit:
1219 1468 1392 1546 Dionysias,
1419 1488 1488 1542 ave,
1509 1470 1603 1528 saluto
1617 1472 1694 1531 enim
1711 1485 1739 1530 te

952 1562 990 1621 ab
1004 1563 1108 1623 inieris
1131 1577 1276 1623 revocata.
1299 1564 1407 1623 Mulier
1432 1565 1572 1626 scelerata
1589 1579 1651 1626 toto
1674 1588 1738 1627 cor·
1755 1586 1779 1623 to

953 1680 1027 1738 pore
1036 1661 1213 1720 contremuit
1228 1683 1235 1718 :
1249 1662 1397 1720 mirantur
1409 1662 1489 1721 cives
1507 1677 1536 1720 et
1548 1664 1685 1739 gaudent.
1706 1665 1739 1724 lit

124 1753 206 1834 ejus,
219 1755 408 1817 osculabatur
423 1777 506 1829 eum3
520 1770 548 1816 et
564 1758 655 1836 coepit
667 1757 766 1816 dicere
787 1779 794 1815 ι
810 1757 836 1815 Τ
837 1778 857 1816 ιι
877 1777 909 1817 es
950 1754 1039 1832 jussit
1049 1755 1154 1815 Tarsia
1167 1756 1269 1815 venire
1289 1754 1505 1835 Theophilum,
1525 1757 1672 1832 villicum,
1692 1762 1739 1820 cui

124 1850 237 1929 Tyrius
258 1872 341 1913 meus
360 1854 547 1932 Apollonium
562 1867 637 1914 tues
657 1855 795 1931 magister
814 1874 906 1915 meus.

92 1952 113 1989 ¹⁵
127 1947 186 2024 Ego
197 1970 262 2010 sum
276 1951 388 2029 conjux
400 1964 450 2011 tua
457 1995 466 2025 ,
479 1971 566 2029 quam
577 1964 686 2030 apatre
695 1951 842 2030 accepisti,
854 1954 909 2009 Ar·

124 2042 262 2105 rhistrato
283 2065 366 2122 rege3
385 2060 416 2106 tu
434 2047 635 2123 esnausragus
661 2066 748 2124 quem
762 2045 907 2119 adamavi,

125 2159 278 2204 noncausa
286 2143 433 2221 libidinis,
446 2144 497 2204 sed
509 2144 649 2204 scientiae.
663 2143 704 2202 liii
716 2162 782 2204 rare
792 2145 851 2218 vir,
860 2145 909 2204 dic

127 2235 176 2297 ubi
190 2240 229 2300 sit
241 2241 304 2299 filia
318 2260 392 2302 mea.
412 2238 448 2299 Et
460 2241 589 2299 ostendit
605 2240 633 2299 ei
647 2239 779 2300 Tarsiam
801 2254 831 2299 et
841 2243 884 2301 ait
899 2264 906 2301 r

128 2331 192 2393 llaec
205 2349 258 2395 est.
275 2335 310 2394 Et
323 2335 432 2395 flebant
445 2355 546 2395 omnes
561 2336 688 2394 invicem
707 2354 767 2414 prae
788 2336 907 2413 gaudio.

86 2495 110 2534 ²⁰
407 2504 499 2571 CAP.
531 2504 620 2572 XLI.

162 2659 251 2721 Sonat
259 2680 314 2740 per
323 2673 412 2720 totam
426 2661 569 2740 Ephesum
577 2661 702 2738 Tyrium
712 2679 808 2737 regem
818 2663 909 2740 lipol-

126 2755 234 2818 lonium
251 2778 373 2818 uxorem
386 2777 469 2818 suam
490 2758 693 2818 archistratim
716 2761 906 2835 cognovisse,

125 2872 208 2929 quam
223 2855 403 2917 sacerdotem
423 2856 482 2915 sihi
501 2855 658 2914 habehant.
680 2854 726 2914 m
747 2856 908 2935 Apollonio

126 2951 313 3023 convivium3
335 2951 473 3009 laetantur
491 2960 603 3010 omnes.
627 2951 817 3013 Archistratis
836 2970 908 3011 vcro

92 3061 115 3101 ss
127 3050 279 3108 constituit
292 3048 471 3125 sacerdotem
495 3068 582 3126 quam
607 3048 734 3108 habebat
748 3063 815 3129 post
832 3069 863 3110 se
878 3050 909 3109 in

129 3145 234 3222 templo
249 3145 395 3224 priorem;
411 3156 520 3202 etcum
539 3144 689 3217 omnibus,
713 3143 909 3224 Ephesiorum

127 3240 231 3309 gaudio
252 3252 282 3298 et
298 3240 451 3318 lacrymis,
472 3257 537 3298 cum
559 3241 666 3298 marito
687 3253 715 3299 et
734 3241 795 3299 lilia
809 3253 839 3299 et
858 3258 908 3317 ge-

127 3350 212 3406 nero,
235 3354 339 3395 navem
368 3333 509 3395 ascendit.
532 3337 568 3396 Et
591 3336 809 3397 inaestimabilia
833 3359 907 3416 pon·

128 3429 194 3492 dera
207 3436 274 3496 auri
288 3454 386 3494 secum
399 3434 546 3505 tulerunt,
562 3446 591 3492 et
605 3434 801 3494 valedicentes
815 3438 907 3493 omni·

92 3538 116 3577 ³⁰
127 3525 193 3604 bns,
203 3543 356 3611 coeperunt
368 3530 517 3607 navigare.
534 3529 724 3589 Gubernante
742 3532 870 3591 Domino
880 3533 905 3604 ⁴,

125 3626 322 3707 'venitTyrius
333 3628 508 3706 Apollonius
514 3629 545 3686 in
551 3628 698 3686 civitatem
710 3630 907 3703 Antiochiam,

129 3720 179 3781 ubi
193 3726 287 3785 luerat
296 3725 341 3784 illi
354 3743 476 3800 regnum
487 3737 680 3783 reservatum.
694 3724 729 3782 Et
743 3726 911 3785 volentibus

130 3819 403 3897 omnibus,accepit
421 3838 553 3896 regnum.
573 3819 685 3876 Deinde
702 3822 833 3897 perrexit
846 3821 909 3899 'ry-

130 3930 209 3986 rum,
223 3919 255 3975 in
276 3917 400 3995 patriam
422 3935 517 3986 suam,
531 3927 559 3973 et
578 3913 684 3990 gaudet
708 3936 774 3974 cum
792 3916 910 3977 civibus

92 4010 116 4051 δῦ
130 4008 207 4086 suis,
222 4025 252 4071 et
265 4011 418 4070 constituit
431 4012 463 4069 in
479 4010 543 4068 loco
565 4028 618 4067 suo
633 4010 843 4088 Antinagoram
863 4032 912 4089 gc-

130 4120 227 4164 nerum
244 4126 339 4166 suum.
358 4105 471 4164 Etcum
487 4124 594 4181 genero
613 4116 643 4161 et
662 4106 723 4164 filia
742 4120 771 4164 et
788 4107 912 4184 conjuge

130 4215 197 4272 sua,
213 4214 242 4260 et
257 4206 321 4259 crim
334 4201 464 4259 exercitu
478 4200 560 4276 regio
574 4200 729 4275 navigans,
742 4202 824 4261 venit
837 4202 911 4260 Tar·

49 4316 54 4326 .
130 4308 209 4369 sum;
227 4310 256 4355 et
275 4297 367 4374 jussit
386 4296 483 4355 statim
498 4296 707 4375 comprehendi
725 4297 909 4374 Strongulio·

131 4394 191 4448 netu
207 4405 237 4450 et
255 4391 464 4469 Dionysiadem
484 4392 639 4469 conjugem
657 4391 732 4469 ejus,
758 4406 787 4451 et
803 4392 909 4451 adduci

94 4487 225 4547 ‘⁰coram
249 4489 387 4549 omnibus
411 4490 528 4551 civibus
553 4493 680 4552 vinctos.
715 4491 831 4562 Quibus
851 4512 913 4571 per-

132 4584 252 4656 spectis,
266 4584 442 4663 Apollonius
456 4587 496 4645 ait
515 4610 522 4645 a
539 4587 625 4646 Cives
637 4586 727 4646 'l'arsi
740 4585 912 4661 beatissimi,

131 4680 272 4758 numquid
286 4681 462 4759 Apollonius
479 4682 589 4761 'syrius
603 4683 692 4742 alicui
712 4696 841 4742 restrum
863 4702 912 4741 ex·

131 4772 203 4833 stitit
214 4776 366 4851 ingratus?
380 4779 418 4836 At
429 4778 475 4836 illi
487 4798 589 4838 omnes
599 4798 657 4837 una
668 4798 740 4837 voce
753 4779 909 4838 dixerunt:

131 4862 173 4926 Te
184 4891 280 4949 regem
294 4887 322 4932 et
334 4887 445 4953 patrem
461 4876 564 4955 patrias
584 4876 725 4935 diximus.
742 4875 866 4956 Propter
886 4888 914 4935 te

93 4980 115 5019 ti
132 4980 265 5042 optamus
276 4971 351 5030 mori
364 4971 502 5033 libenter.
517 4972 575 5032 Per
587 4986 615 5031 te
624 4974 703 5032 enim
716 4974 913 5052 periculosam

134 5057 235 5121 samem
249 5065 420 5142 effugimus,
438 5080 467 5126 et
482 5079 606 5126 statuae
627 5067 714 5127 nohis
733 5082 863 5127 testatur.
878 5068 914 5127 Er

133 5156 172 5213 ait
186 5161 378 5240 Apollonius:
393 5165 603 5224 Commendavi
615 5166 703 5223 liliam
713 5186 805 5225 meam
816 5167 917 5225 Stron-

953 1853 994 1910 ait
1005 1874 1012 1910 ι
1023 1852 1205 1933 Theophile,
1216 1866 1249 1911 ut
1259 1854 1352 1932 possit
1365 1852 1419 1912 tibi
1433 1855 1562 1930 ignosci,
1579 1856 1657 1915 clara
1668 1875 1739 1916 voce

953 1950 1108 2027 responde.
1122 1949 1195 2019 Quis
1204 1969 1249 2008 me
1255 1949 1457 2009 interficienda
1469 1963 1496 2009 te
1506 1950 1651 2028 obligavit
1660 1953 1740 2013 sihi?

954 2040 1120 2122 Respondet
1150 2044 1271 2103 villicus
1295 2066 1302 2101 ι
1333 2043 1503 2122 Dionysias,
1523 2045 1644 2105 domina
1667 2067 1740 2110 mea.
1756 2070 1781 2107 rs

952 2135 1150 2198 'luncomnes
1170 2140 1251 2198 cives
1272 2152 1434 2217 rapuerunt
1451 2139 1688 2216 Strongulionem
1710 2156 1740 2201 et

953 2233 1456 2312 Dionysiadem,etextracivitatem
1464 2234 1669 2312 lapidaverunt
1679 2256 1739 2298 eos.

952 2327 1076 2388 Etcum
1102 2329 1211 2388 vellent
1235 2327 1431 2406 Theophilum
1457 2328 1607 2402 occidere,
1628 2330 1740 2391 Tarsia

954 2437 1136 2498 interventu,
1163 2444 1223 2482 non
1248 2425 1388 2500 tangitur.
1412 2426 1460 2482 tir
1480 2425 1559 2483 enim
1581 2444 1590 2485 ε
1611 2425 1647 2485 Ni
1667 2428 1739 2501 iste,

953 2519 990 2578 ad
1005 2519 1207 2579 obtestantium
1220 2531 1249 2577 et
1264 2518 1407 2578 orandum
1422 2519 1533 2590 ὓειιηι,
1554 2539 1643 2580 morta
1660 2522 1730 2583 mihi
1755 2543 1782 2582 so

956 2617 1084 2695 spatium
1102 2618 1265 2690 tribuisset,
1286 2615 1362 2674 malo
1388 2635 1433 2674 me
1453 2629 1549 2675 vestra
1567 2617 1660 2696 pietas
1680 2639 1740 2681 nou

953 2710 1141 2771 defendisset.
1164 2712 1274 2785 Quem,
1292 2730 1395 2770 manus
1405 2710 1502 2788 jussu,
1519 2712 1604 2771 abire
1626 2714 1740 2775 incolu-

954 2827 1044 2881 mem,
1060 2808 1168 2867 collata
1187 2808 1334 2882 libertate,
1354 2809 1512 2888 praecepit5
1532 2822 1561 2868 et
1575 2811 1740 2873 occisorum

952 2906 1042 2965 filiam
1056 2905 1282 2966 Philothemiam
1296 2925 1393 2965 secum
1407 2905 1433 2964 T
1435 2908 1512 2965 arsia
1524 2907 1602 2967 tulit.
1617 2910 1740 2988 Apollo-

953 3000 1021 3060 nius
1032 3020 1102 3060 vero
1114 3001 1164 3059 dat
1179 3002 1308 3060 laetitiam
1327 3002 1450 3079 populo,
1461 3014 1490 3060 et
1501 3014 1591 3061 vovet
1608 3023 1739 3065 munera.
1755 3018 1780 3058 st

953 3097 1156 3158 Instaurantur
1168 3099 1245 3158 muri
1266 3111 1295 3157 et
1314 3110 1428 3170 turres,
1443 3110 1473 3156 et
1486 3112 1616 3158 moratus
1632 3112 1677 3158 est
1696 3099 1739 3161 ibi

953 3214 1005 3254 sex
1017 3194 1176 3254 mensibus.
1187 3194 1300 3253 Deinde
1312 3194 1462 3269 navigavit
1477 3214 1543 3252 cum
1562 3194 1625 3254 suis
1640 3195 1677 3254 ad
1696 3197 1738 3255 ci·

952 3290 1071 3349 ritatem
1083 3291 1226 3349 marinam
1253 3288 1448 3367 Pentapolim
1467 3288 1503 3347 Et
1516 3289 1682 3367 ingreditur
1700 3292 1738 3351 ad

953 3405 1051 3464 regem
1065 3387 1290 3446 Archistratum.
1306 3385 1474 3467 Coronatur
1488 3387 1611 3459 civitas3
1627 3391 1749 3466 penum

952 3495 1001 3540 tur
1011 3501 1132 3560 organa.
1151 3481 1267 3541 Gaudet
1282 3482 1314 3540 in
1328 3482 1433 3540 ultimo
1445 3481 1602 3540 senectutis
1615 3501 1675 3541 suae
1689 3502 1741 3543 rex
1754 3504 1782 3547 so

954 3577 1162 3650 Archistratus,
1174 3577 1276 3636 videns
1286 3578 1377 3635 filiam
1385 3589 1414 3635 et
1424 3579 1576 3655 maritum,
1587 3590 1616 3636 et
1626 3591 1740 3656 neptem

954 3695 1020 3733 cum
1036 3676 1141 3733 marito
1152 3676 1204 3753 qui
1215 3687 1352 3754 tanquam
1366 3675 1421 3733 titii
1433 3687 1589 3747 venerant,
1599 3687 1628 3732 et
1637 3676 1742 3733 osculo

954 3788 1004 3829 eos
1018 3771 1153 3850 suscipit,
1169 3791 1234 3829 cum
1248 3770 1357 3848 quibus
1369 3769 1480 3846 jugiter
1492 3789 1551 3828 uno
1563 3787 1640 3827 anno
1656 3769 1738 3827 laetus

954 3865 1108 3944 perdurat.

1222 3963 1314 4029 CAP.
1345 3962 1465 4028 XLlll.
1755 3959 1783 3999 ³⁶

996 4112 1066 4169 Post
1082 4110 1154 4180 haec,
1166 4107 1295 4187 perlecta
1308 4118 1399 4179 aetate,
1418 4105 1543 4163 moritur
1558 4106 1588 4162 in
1603 4102 1740 4164 manibus

955 4228 1076 4276 eorum,
1096 4205 1246 4264 dimittens
1269 4202 1451 4262 medietatem
1475 4200 1559 4277 regni
1580 4200 1741 4279 Apollonio

956 4316 984 4361 et
998 4301 1178 4359 medietatem
1198 4299 1266 4356 filiae
1282 4317 1351 4373 suae.
1372 4295 1424 4353 llis
1441 4294 1580 4354 omnihus
1599 4295 1740 4374 peractis,

956 4397 1026 4457 dum
1040 4395 1242 4455 deambularet
1258 4390 1433 4471 Apollonius
1446 4389 1532 4468 juxta
1554 4408 1646 4465 utare,
1663 4388 1741 4448 vidit

957 4495 1129 4575 piscatorem
1141 4511 1160 4551 a
1172 4511 1231 4570 quo
1244 4490 1337 4549 iuerat
1353 4489 1509 4564 naufragus
1529 4499 1699 4564 susceptus3
1715 4499 1742 4545 et
1755 4510 1783 4549 so

955 4591 1044 4670 jussit
1064 4610 1130 4650 eum
1156 4586 1365 4667 comprehendi
1389 4585 1477 4644 etad
1500 4584 1639 4663 palatium
1660 4583 1742 4642 duci.

957 4687 1065 4746 Videns
1079 4687 1206 4766 piscator
1223 4703 1254 4744 se
1270 4684 1307 4743 ad
1320 4682 1460 4761 palatium
1472 4700 1490 4740 a
1500 4680 1646 4739 militibus
1659 4678 1740 4752 duci,

958 4781 1079 4862 putabat
1091 4800 1123 4841 se
1134 4782 1263 4839 occisum
1276 4779 1325 4839 iri.
1336 4776 1429 4835 Etuhi
1441 4777 1592 4853 ingressus
1604 4787 1648 4833 est
1662 4773 1743 4853 pala·

959 4878 1044 4950 tium,
1059 4875 1235 4956 Apollonius
1247 4892 1346 4933 coram
1361 4871 1487 4949 conjuge
1509 4890 1562 4929 sua
1573 4869 1664 4948 jussit
1675 4888 1741 4965 euru

960 4972 1084 5044 adduci,
1097 4983 1126 5030 et
1137 4971 1179 5030 ait
1192 4991 1199 5028 r
1214 4970 1339 5028 Domina
1350 4967 1462 5044 regina,
1473 4966 1522 5024 hic
1531 4978 1575 5025 est
1590 4985 1780 5045 paranymm

960 5069 1050 5152 phus⁸
1067 5089 1166 5143 meus,
1179 5070 1231 5146 qui
1246 5067 1318 5127 mihi
1331 5086 1416 5146 opem
1431 5065 1572 5141 naufrago
1583 5063 1683 5136 redit3
1697 5077 1743 5136 et,

960 5180 993 5227 ut
1004 5166 1039 5225 ad
1054 5179 1082 5225 te
1100 5166 1250 5239 venirem,
1265 5164 1391 5224 ostendit
1408 5163 1474 5221 itcr.
1495 5161 1531 5219 Et
1554 5160 1631 5218 dixit
1650 5159 1678 5217 ei
1693 5157 1744 5216 he·

135 5255 246 5326 galieni
268 5272 298 5317 et
313 5260 487 5338 Dionysiadi
508 5263 593 5321 uxori
608 5262 684 5341 ejus,
705 5283 828 5343 eamque
844 5264 916 5325 mihi
962 5262 1134 5341 nignissime
1150 5284 1157 5320 ι
1174 5259 1287 5336 Vetule,
1299 5279 1424 5340 egosum
1435 5257 1546 5336 Tyrius
1558 5255 1742 5335 Apollonius,

1610 5379 1645 5427 li,
