3890 5950
201 453 257 507 :tbi
733 438 948 503 libbioboiat
973 437 1272 504 midloiicoiibm

200 577 341 634 στέλλουσα
363 573 408 632 καὶ
429 574 458 632 τὸ
479 573 558 650 μέσον
574 573 744 651 ἀνενόχλητον
764 576 815 639 τοῖς
836 578 983 652 ἱερουργου·
1030 582 1174 643 reprimens,
1191 593 1220 628 ac
1231 576 1337 629 medium
1351 578 1455 641 spatium
1466 577 1497 627 ab
1509 579 1574 627 omni
1590 580 1694 629 tumultu
1709 592 1819 630 vacuom

202 665 286 740 μένοις
304 661 547 740 παρασκευάζουσα.
591 659 682 739 Μικρθ
697 660 723 718 ii
739 660 770 733 bi,
788 662 983 741 προδιαλεχθεὶς
1007 666 1377 717 ίιιιοιῐθσοιιθθιιεοοιιιεινιιιιν.
1412 667 1541 716 iiuimrero
1549 680 1604 715 cum
1615 681 1690 730 pauca
1700 670 1822 731 praelatus

201 753 265 829 πρὸς
283 751 325 808 τὸν
346 750 429 821 δῆμον
448 748 612 822 δὙδοίσπης
629 748 673 807 καί
688 748 735 819 τήν
749 772 778 807 τε
792 749 865 820 νίκην
888 749 933 806 καὶ
951 748 983 806 τὰ
1028 759 1090 805 esset
1110 755 1141 804 ad
1164 755 1280 817 populum
1297 754 1419 817 Hydaspes
1439 757 1464 803 et
1480 754 1605 803 victoriam
1622 758 1695 817 atqne
1709 770 1739 805 ea
1758 769 1820 819 qum

202 837 266 917 ὑπὲρ
281 843 325 896 τοῦ
347 840 433 895 κοινοῦ
452 835 656 915 κατωρθωθίντα
675 836 864 914 καταγγείλας,
879 836 984 915 ἔχεσθαι
1029 857 1073 905 pro
1090 843 1210 906 republica
1225 855 1336 905 prospere
1350 844 1415 904 gesta
1431 845 1510 891 esseut
1523 843 1682 897 enuntiasset,
1695 843 1726 892 ad
1741 845 1819 893 sacri-

175 931 248 995 στῆς
261 924 350 991 θυσίας
364 927 415 991 τοῖς
428 926 564 1004 ίεροποιοῐς
586 924 697 982 ἐκέλευε.
737 926 824 1004 Τριῶν
840 924 870 994 δὴ
888 927 984 1002 βωμῶν
1029 930 1111 979 tioium
1128 930 1236 993 aggredi,
1252 930 1280 979 iis
1294 930 1325 979 ad
1337 943 1398 993 qrros
1410 929 1443 977 rei
1458 929 1546 978 diriora
1560 930 1674 979 iacienda}
1688 944 1746 980 cura
1761 945 1819 994 per-

201 1018 253 1073 τών
268 1013 374 1072 πόντων
389 1016 424 1078 είς
441 1012 503 1094 ὕψος
523 1011 643 1089 ἠρμένοιν
663 1013 708 1069 καί
722 1020 776 1070 τοῖν
799 1011 846 1088 μὲν
861 1013 930 1070 δυοῖν
942 1035 983 1069 κε·
1030 1018 1121 1068 tinebat
1134 1018 1276 1080 imperabat.
1310 1021 1385 1067 Porro
1399 1029 1455 1065 cum
1470 1023 1519 1065 ires
1531 1030 1582 1067 arar
1598 1018 1621 1065 in
1634 1017 1711 1066 altum
1728 1023 1820 1069 erecta

201 1100 370 1179 χωρισμίνως
385 1100 470 1181 Ἡλίῳ
481 1123 509 1158 τε
523 1100 568 1158 καὶ
582 1099 686 1178 Σελήνη
699 1100 923 1175 συνεζευγμένων,
939 1103 985 1156 τοῦ
1030 1110 1122 1166 esscnt;
1133 1118 1162 1155 ac
1175 1104 1231 1155 duae
1243 1105 1342 1168 quidem
1357 1105 1509 1167 peculiariter
1524 1105 1573 1154 soii
1591 1107 1615 1154 et
1627 1106 1702 1155 bunae
1716 1108 1818 1168 conjun-

201 1188 288 1268 τρίτου
305 1187 333 1246 δὲ
355 1191 392 1268 τῷ
413 1187 530 1267 Διονύσῳ
552 1188 610 1246 καθ’
631 1187 717 1266 ἕτερον
741 1187 817 1265 μέρος
831 1187 985 1254 ἷδιοὶζοντος·
1030 1195 1183 1255 otim,tartia
1196 1207 1253 1244 sero
1266 1192 1472 1244 Baccldiualtera
1482 1193 1549 1256 parte
1557 1193 1686 1255 separatim
1698 1194 1819 1245 coilooeta

201 1275 285 1356 τούτῳ
299 1275 346 1353 μίν
356 1280 468 1334 παντοῖοι
480 1277 534 1355 ζῷα
548 1274 723 1348 ε’πέσφαττον,
737 1275 779 1333 διδ
793 1273 822 1332 τδ
836 1274 984 1349 πάνδημον,
1031 1287 1109 1342 esset,
1126 1283 1182 1331 buic
1196 1283 1294 1345 qrridem
1313 1283 1390 1332 onmis
1402 1281 1495 1343 generis
1513 1281 1645 1331 animantia
1662 1282 1819 1343 mactabant,

163 1381 188 1422 iu
203 1351 294 1439 οἶμαι,
310 1369 355 1423 τοῦ
368 1368 425 1422 θεοῦ
445 1363 490 1421 καί
510 1373 576 1421 πᾶσι
596 1362 802 1442 κεχαρισμένον,
820 1364 849 1420 ἐκ
862 1364 986 1419 ποικίλων
1032 1377 1127 1435 propter
1136 1371 1303 1434 pervulgatam
1314 1371 1377 1430 rim,
1387 1373 1415 1419 ut
1424 1369 1696 1429 existimo,numinlset
1704 1372 1820 1420 omnibus

202 1477 230 1510 τε
249 1453 293 1512 καὶ
308 1450 437 1511 παντοίων
458 1449 635 1526 ἱλασκόμενοι.
678 1449 742 1511 Ἐπὶ
762 1449 788 1507 δὲ
809 1452 860 1507 τῶν
876 1449 985 1527 ἑτέρων,
1032 1459 1301 1523 gratificantem,rariis
1311 1462 1335 1509 et
1344 1458 1519 1520 multiplicibus
1528 1458 1610 1508 lrostiis
1618 1472 1675 1508 eum
1686 1460 1817 1521 placante-s.

203 1542 288 1620 Ἡλίῳ
308 1538 356 1615 μὲν
379 1541 518 1618 τέθριππον
539 1539 630 1597 λευκὸν
654 1541 766 1613 ἐπῆγον,
788 1540 825 1615 τῷ
847 1536 987 1615 ταχυτοίτῳ
1034 1552 1061 1597 in
1075 1548 1128 1597 aliis
1140 1562 1211 1608 vero,
1222 1547 1269 1596 Soli
1281 1545 1379 1609 quidem
1391 1545 1518 1609 quadrigas
1530 1546 1597 1595 albas
1610 1546 1757 1605 oilerebant,
1772 1548 1818 1597 deo

204 1631 284 1699 θεῶν,
300 1632 335 1694 ύις
351 1627 434 1697 ἔοικε,
451 1626 480 1685 τδ
491 1626 616 1705 τόχιστον
637 1630 834 1697 καθυσιοῒιντες,
848 1630 881 1704 τῇ
896 1627 987 1694 Σελη-
1033 1636 1142 1686 omnium
1163 1634 1328 1694 velocissimo,
1352 1634 1375 1681 id
1393 1632 1458 1695 quod
1476 1633 1653 1683 velocissimum
1671 1638 1708 1684 est
1726 1636 1819 1684 sacrib-

204 1716 265 1773 ναία
286 1714 313 1774 δὲ
328 1714 480 1793 ξυνωρίδα
475 1717 557 1789 θοῶν,
580 1712 623 1771 δεδι
645 1717 675 1771 τὸ
694 1713 839 1792 περίγειον,
858 1717 893 1778 ὡς
908 1712 988 1783 ίοικε,
1033 1726 1114 1774 mutos
1129 1737 1135 1767 ι
1150 1726 1223 1773 Lunae
1236 1727 1317 1771 antem
1336 1722 1423 1783 jugum
1443 1720 1530 1782 boum,
1552 1724 1649 1784 propter
1668 1722 1818 1772 vicinitatem

167 1818 191 1857 to
205 1827 251 1874 της
266 1808 337 1874 beno,
355 1802 416 1868 τους
431 1801 544 1881 γηπονίτρ
561 1800 697 1879 συνεργοὺς
717 1805 905 1879 καθιερουντες
1033 1814 1119 1871 terrm,
1136 1810 1287 1872 agriculturae
1304 1808 1424 1870 adjutores
1436 1811 1612 1859 consecrantes

246 1890 287 1951 Z'.
313 1890 366 1949 ital
379 1890 416 1948 ἔτι
431 1888 528 1948 τούτων
544 1888 682 1969 δρωμένων
699 1889 747 1968 βοή
763 1912 800 1954 τις
805 1888 901 1980 αθροον
914 1886 972 1958 ἠ
934 1910 986 1965 γει
1065 1901 1117 1948 iili.
1134 1900 1197 1948 com
1216 1898 1269 1947 lima
1281 1896 1360 1946 adbuc
1374 1899 1509 1958 agerentur,
1523 1896 1613 1945 clamor
1625 1896 1706 1946 subito
1724 1899 1761 1947 est
1780 1912 1819 1946 su·

207 1999 265 2056 ρετο
280 1977 414 2055 συμμιγής
428 1999 455 2036 τε
474 1977 519 2035 καὶ
539 1977 710 2056 ταραχώδης,
729 1999 775 2033 και
795 1966 837 2034 οἶα
857 1977 949 2042 εἰκὸς
940 1975 989 2033 υπὸ
1034 1986 1127 2047 blatus,
1139 1987 1232 2035 minius
1249 1984 1457 2043 miurbulcmar,
1474 1984 1571 2046 qualem
1583 1988 1770 2035 consentaneum
1783 1992 1821 2036 est

205 2066 319 2136 πλήθους
341 2064 449 2144 ἀπείρου
473 2064 616 2143 ἀνθρώπων
635 2061 804 2142 συγκλύδων,
826 2067 851 2124 Γ
854 2064 869 2119 θ
892 2062 989 2142 πάτρια
1035 2072 1332 2123 multitudinisliominum
1344 2072 1647 2132 ooniertommeastitisso,
1662 2074 1821 2123 Patriasacm

206 2153 349 2225 τελείσθω,
373 2157 426 2211 τῶν
448 2152 629 2233 περιεστώτων
650 2151 815 2228 ἐκόοώντων,
831 2156 990 2227 ἡνενομισ-
1035 2162 1194 2219 celebrentur,
1203 2160 1232 2209 iis
1243 2160 1285 2223 qui
1294 2158 1822 2212 circumstabautexclamantibus:moribus

167 2258 194 2297 ευ
208 2239 274 2318 με’νη
289 2197 365 2298 θυσία
379 2240 470 2298 λοιπδν
484 2238 549 2317 ὑπὲρ
560 2260 605 2298 του
588 2239 703 2304 ’ἔθνους
714 2198 852 2311 τελείσθω,
867 2241 918 2296 αί
902 2262 991 2359 απαρ·
1035 2252 1059 2299 et
1073 2250 1187 2298 institutis
1202 2252 1325 2311 receptum
1339 2248 1483 2297 sacrificinm
1499 2247 1611 2310 deinceps
1624 2263 1667 2310 pro
1681 2252 1751 2311 gente
1766 2250 1821 2311 irat,

207 2350 254 2439 χαι
268 2349 312 2385 τον
296 2327 446 2403 πολέμου
467 2335 519 2392 τοῖς
536 2331 601 2392 θεοῖς
623 2324 855 2404 προσαγέσθωσαν.
900 2324 991 2391 Συνείς
1035 2337 1148 2399 primitia
1158 2335 1483 2397 bellideiuoepsoiierantur.
1516 2336 1822 2398 corrigiturintelietissct

207 2405 251 2473 ουν
268 2418 282 2473 δ
297 2414 434 2485 Ὑδάσπης
448 2412 487 2472 ὅτι
503 2413 551 2485 τὴν
571 2413 797 2492 θνθρωποκτονίαν
812 2415 990 2485 θπιζητουσιν,
1037 2425 1158 2486 Hydaspes
1170 2423 1235 2486 qood
1247 2422 1377 2472 humanam
1391 2423 1515 2472 victimam
1535 2423 1682 2486 flagitarent,
1697 2439 1771 2485 oriam
1790 2441 1820 2474 es

207 2504 240 2572 ἣν
253 2502 355 2560 ίπι
310 2525 367 2571 ταις
377 2501 493 2560 κατὰ
458 2525 509 2559 των
527 2500 680 2581 θλλορύλων
697 2499 779 2566 νίκαις
794 2499 884 2575 μόναις
897 2502 974 2558 ίκ”
940 2521 991 2557 των
1037 2525 1065 2560 ιιι
1076 2513 1170 2560 tuntum
1185 2511 1226 2573 qui
1239 2524 1262 2559 ιιι
1274 2511 1402 2573 peregrinis
1412 2510 1482 2560 bellis
1497 2512 1560 2574 capti
1573 2512 1746 2562 essentoiierre
1760 2526 1822 2561 con-

209 2590 388 2667 ἁλισκομένων
403 2591 530 2648 ίπιττλεῑν
544 2589 666 2659 εἰώθασι,
687 2588 901 2654 κατασείσας
868 2612 901 2665 τη
924 2587 992 2667 χειρί
1037 2600 1165 2648 sueverant
1180 2618 1185 2646 ε
1209 2611 1282 2647 mano
1294 2599 1388 2647 silentio
1402 2598 1507 2648 indicato
1521 2602 1546 2648 et
1557 2599 1636 2648 statim
1653 2598 1676 2647 id
1695 2599 1761 2662 qrsod
1776 2614 1821 2661 pe·

169 2698 195 2738 an
209 2677 255 2737 καί
276 2676 370 2736 αὐτίκα
385 2676 415 2735 τδ
435 2676 586 2755 αἰτούμενον
607 2675 712 2735 ἔσεσθαι
734 2677 786 2743 τοῖς
808 2677 919 2752 νεύμασι
942 2698 992 2746 ση-
1037 2687 1134 2736 bebatur
1155 2688 1342 2735 consecuturum
1368 2699 1418 2735 esse
1442 2687 1542 2736 nutibus
1564 2687 1734 2749 significatione
1753 2687 1822 2747 data,

209 2765 376 2842 piissimis<
388 2767 423 2831 εις
434 2787 510 2823 τουτο
519 2764 603 2822 πάλαι
616 2763 883 2875 αποκειιληρωμενους
892 2765 992 2843 αίχμα
1037 2775 1146 2837 ‹apiiros
1166 2774 1207 2836 qul
1225 2773 1255 2823 ad
1275 2774 1394 2835 idipsum
1411 2773 1462 2834 jam
1486 2774 1576 2837 pridem
1595 2775 1705 2825 destinati
1729 2777 1822 2826 inerant

210 2853 308 2919 λώτους
322 2853 432 2929 ἄγεσθαι
445 2851 629 2931 προσέταττεν
672 2842 826 2929 Ηγοντο
797 2875 840 2909 ουν
850 2849 907 2909 σί
918 2850 992 2908 ἄλλοι
1037 2862 1093 2910 duci
1108 2861 1249 2924 imperabat.
1281 2862 1437 2912 Ducebantur
1451 2863 1592 2922 igiturcum
1607 2863 1661 2925 aiii,
1675 2866 1728 2913 tum
1743 2865 1820 2914 Tirea·

210 2942 256 3000 καὶ
277 2939 440 3017 δθεαγίνης
453 2940 500 2997 καί
518 2944 535 3010 ll
550 2942 609 3017 Χαρ
611 2939 745 2998 idria*
711 2962 762 2997 των
782 2962 810 2997 τι
831 2941 965 3013 δεσμῶν
949 2941 992 2996 λ-ε
1037 2950 1289 3012 genesetcbariclea,
1303 2950 1523 2999 soluiirinculiset
1539 2954 1667 3002 coronati:
1661 2954 1821 3014 ·tristcsqui·

210 3029 316 3106 λυμένοι
333 3029 378 3087 καί
397 3026 619 3104 κατεστεμμένοι,
633 3027 756 3107 κατηφεῖς
771 3027 832 3103 μίν,
853 3016 895 3084 oia
912 3026 994 3097 εἰκὸς,
1039 3038 1109 3096 dem,
1120 3040 1148 3086 ut
1163 3041 1201 3086 est
1212 3041 1414 3098 consentaneum,
1427 3038 1479 3095 alii,
1491 3038 1568 3087 minus
1579 3042 1660 3088 alitem
1672 3040 1821 3100 Tbeagencr,

171 3136 199 3175 ao
210 3118 234 3176 οί
248 3115 340 3187 ἄλλοι,
359 3120 372 3174 δ
387 3115 521 3191 Θεαγένης
537 3117 559 3172 δ’
575 3116 616 3173 ἐπ’
632 3113 758 3185 ἔλαττον,
773 3115 950 3191 ἥΧαρίιιλεια
967 3113 994 3175 δὲ
1038 3124 1195 3174 atcbariclca
1209 3125 1265 3174 laeto
1277 3126 1345 3175 rolin
1359 3138 1388 3174 ac
1403 3125 1504 3185 ridenti,
1515 3129 1630 3189 perpetuo
1639 3130 1664 3176 et
1678 3141 1726 3176 nno
1736 3127 1821 3175 obtain

211 3202 256 3261 καί
270 3202 565 3283 ραιορωτωπροσωπω
577 3202 622 3260 καί
632 3204 780 3278 μειδιιυντι
794 3225 899 3280 συνεχες
909 3224 937 3259 τι
949 3224 994 3259 και
1040 3214 1159 3261 Persinam
1173 3212 1288 3262 intuens.
1302 3214 1329 3261 ut
1346 3216 1370 3261 et
1382 3212 1422 3261 rlla
1438 3212 1519 3274 aliquo
1532 3213 1603 3260 modo
1614 3211 1728 3274 adspectu
1745 3212 1784 3259 ali
1786 3225 1813 3259 ce

212 3290 299 3355 α’τενὲς
313 3289 393 3354 είς
365 3314 413 3361 την
428 3289 557 3367 Περσίναν
561 3289 747 3432 ἱδρορωσα·“
729 3313 797 3349 ωσττ
811 3289 933 3362 κέκειντν
943 3312 994 3346 πα
1041 3303 1110 3350 retur
1132 3306 1157 3349 et
1180 3300 1376 3350 veliementius
1369 3300 1538 3363 ingemiscens,
1557 3302 1699 3361 Omerita,
1719 3302 1821 3359 diceret,

213 3382 264 3435 θεῖν
278 3401 303 3435 τι
316 3375 409 3454 πρθςτ
410 3377 512 3458 isidis
527 3375 572 3435 καί
584 3375 842 3455 βύθιονστενοίξασαν
851 3365 993 3452 ,Ωτῖνερ,
1040 3388 1136 3449 ηυεΙειιι
1149 3387 1265 3449 virginem
1280 3387 1309 3436 ad
1328 3388 1473 3437 sacrificinm
1493 3388 1616 3449 delegisti?
1633 3389 1779 3448 ilaudscio,
1794 3405 1822 3440 an

214 3467 310 3538 είπεῖν,
327 3461 432 3523 οίαν
401 3486 432 3522 κο
435 3488 481 3544 ρην
496 3467 532 3530 είς
547 3463 594 3534 τὴν
612 3464 702 3522 θυσίαν
716 3462 914 3535 ἐπιλέλεξαι,’
889 3487 936 3521 ουκ
947 3454 995 3522 οἶδ
1040 3476 1142 3525 viderim
1165 3476 1237 3525 talem
1256 3476 1366 3524 tonnam.
1399 3480 1478 3535 Quam
1498 3479 1534 3524 est
1557 3489 1670 3537 generoso
1691 3480 1717 3527 et
1734 3478 1822 3527 liberali

173 3574 202 3634 aa
215 3553 304 3613 ίδουσα
318 3557 433 3611 τοιοῦτον
446 3552 582 3617 uilloc*
569 3554 629 3619 ωςδ
631 3550 700 3611 ίκαι
690 3550 854 3630 εὐγενὴς
831 3575 860 3610 το
873 3550 994 3629 βλεμμα·
1041 3564 1124 3612 vultui
1144 3568 1222 3623 Quam
1240 3576 1326 3623 magno
1338 3567 1363 3613 el
1374 3563 1469 3612 excelso
1489 3562 1570 3613 animo
1589 3564 1710 3613 lortunam
1723 3567 1822 3626 perierit

215 3644 250 3708 ὡς
266 3641 292 3699 δέ
306 3642 350 3699 καί
365 3640 537 3721 μεγαλόφρων
557 3638 621 3720 πρὸς
635 3640 682 3710 rip
696 3640 793 3719 τύχην·
808 3644 842 3706 ὡς
856 3638 879 3697 δ’
898 3637 996 3711 ἐλεεινὴ
1041 3654 1121 3708 Quam
1132 3650 1165 3701 ob
1177 3652 1260 3700 liorem
1271 3652 1349 3701 utatis
1363 3651 1571 3701 commiseratione
1581 3652 1618 3699 sni
1628 3656 1766 3702 commoret
1775 3654 1823 3702 ani-

215 3734 261 3800 τῆς
278 3728 347 3788 κατίι
364 3728 411 3799 τὴν
426 3727 648 3805 ἡλικίαν,θκμῆς;
669 3731 692 3786 εί
707 3727 833 3808 περιεῖναι
847 3726 996 3786 συνέόαινεν
1042 3740 1126 3788 nomi
1147 3739 1172 3789 Si
1192 3751 1318 3801 superesse
1332 3740 1467 3800 contigisset
1479 3739 1551 3788 semel
1563 3754 1594 3788 ex
1606 3743 1630 3788 ie
1647 3745 1787 3803 conceptam
1801 3746 1824 3792 et

215 3817 318 3893 ἡμῖν
295 3841 325 3877 το
346 3816 416 3885 ἅπαξ
430 3839 475 3895 μοι
490 3814 585 3887 κυηθὲν
607 3815 653 3875 καί
666 3820 753 3882 κακῶς
766 3817 901 3882 ἄπολωλος
918 3815 997 3893 θυγοί-
1041 3827 1105 3876 mate
1123 3829 1236 3876 amissam
1251 3826 1362 3886 filiolam,
1383 3826 1559 3888 propemodum
1573 3827 1674 3878 totidem
1693 3829 1824 3891 implevisse

214 3928 299 4051 τριον,
316 3907 342 3963 b
358 3904 421 3971 ίσοις
410 3926 485 3963 που
498 3927 582 3984 ταυτη
594 3928 647 3971 τοις
665 3905 746 3963 ἔτισεν
761 3901 854 3974 ἐξητοίζ
840 3906 906 3971 ζετο.
928 3903 998 3962 'stili
1041 3928 1129 3975 muns,
1148 3919 1209 3977 quot
1222 3915 1274 3964 lirae
1280 3914 1527 3978 ,θιηιιιείιειιθοιείιιτΙ
1560 3915 1606 3966 sed
1620 3915 1712 3965 utinam
1728 3918 1822 3978 liceret,

174 4009 201 4049 so
216 3992 240 4050 εἴ
240 3998 324 4070 θ,εγε
337 4017 359 4050 οι
340 3981 441 4071 dee
455 3995 564 4062 έντν
525 4015 580 4059 πως
582 3990 691 4068 ίξελεσ
694 4015 720 4048 αι
732 3988 821 4060 τὴν
789 4012 884 4069 κορην
898 3988 998 4059 πολλὴν
1042 4004 1143 4064 martin,
1162 4003 1243 4065 aliquo
1263 4003 1336 4052 modo
1358 4002 1458 4051 liberare
1475 4003 1565 4051 trane:
1585 4015 1697 4064 magnam
1714 4004 1823 4065 equidem

215 4081 247 4138 διν
276 4082 352 4159 ἔσχον
375 4078 553 4162 παραψυχὴν,
575 4077 777 4151 διακονουμένης
800 4101 845 4154 μοι
865 4078 996 4148 τοιαύτης
1042 4091 1156 4140 baberem
1170 4091 1376 4152 consolationem,
1388 4091 1504 4140 lracmilri
1519 4092 1679 4141 ministrante.
1713 4094 1825 4141 Fortassis

214 4169 293 4235 Ισως
305 4169 333 4228 δε
351 4192 401 4227 που
419 4168 464 4228 καί
479 4166 603 4240 θλλανίς
614 4170 711 4238 έστινὴ
724 4166 820 4243 boiis,
832 4189 861 4223 το
848 4164 971 4245 γδιρπ
972 4166 998 4224 ό·
1042 4181 1124 4229 ουῑειιι
1141 4179 1408 4229 etGrmcaestmisera
1426 4199 1431 4228 :
1446 4180 1600 4242 nrqrieenim
1612 4181 1778 4242 estAEgpptiar
1794 4181 1825 4229 ia·

216 4278 302 4314 σωπον
315 4258 361 4316 οὐκ
376 4255 530 4332 Αἰγυπτίας.
574 4253 738 4327 Filena<
709 4278 773 4331 μεν
785 4253 842 4398 ίρηό
844 4276 907 4333 προς
917 4255 999 4325 αυτὴν
1043 4267 1099 4316 cies.
1132 4265 1376 4328 Graecaquidemest
1382 4267 1491 4330 ,inquit,
1507 4271 1531 4317 et
1550 4268 1754 4331 parentibosnata
1768 4282 1825 4331 quos

217 4349 230 4402 θ
242 4344 380 4418 Ιοασπτς
394 4368 440 4402 και
457 4368 578 4424 πατερων
591 4364 634 4409 ους
645 4340 754 4409 λείει
730 4364 760 4399 το
772 4341 867 4417 παρ
911 4340 1000 4409 Δεῖξον
1043 4352 1068 4402 in
1084 4353 1210 4415 prasentia
1222 4353 1308 4402 dicet
1320 4367 1397 4415 neque
1411 4367 1476 4403 earm
1492 4355 1542 4404 ullo
1558 4355 1630 4404 modo
1642 4354 1768 4405 ostendere
1784 4369 1824 4418 po·

150 4412 203 4489 ‘aa
217 4432 308 4511 γὰρ’
283 4455 330 4491 ουκ
352 4433 384 4492 διν
399 4433 454 4512 ἔχοι
468 4431 562 4491 ποθίν
583 4432 699 4507 καίτοιγε
717 4428 873 4506 ίπήγγελτο.
917 4428 999 4489 ‘·Poo
1044 4439 1113 4500 terit,
1128 4440 1239 4501 quamvis
1255 4440 1398 4501 promiserit.
1430 4443 1464 4491 Ut
1480 4441 1662 4490 liberetorsane
1675 4441 1715 4490 illa
1729 4443 1824 4490 asacri·

216 4522 292 4592 θηναί
306 4545 335 4598 γε
350 4521 450 4597 μὴν
418 4545 464 4592 της
477 4521 567 4588 θυσίας
579 4520 720 4578 ἀδύνατον·
733 4518 842 4593 καίτοιγ1
855 4516 1001 4594 θόουλόμην
1045 4527 1099 4575 licio
1112 4527 1162 4577 lieri
1172 4541 1220 4577 non
1232 4530 1324 4590 potest,
1338 4529 1450 4590 quamvis
1461 4530 1548 4578 vellem
1562 4531 1660 4592 ulique,
1670 4543 1727 4579 cum
1741 4534 1766 4579 et
1780 4530 1825 4593 ipse

217 4608 350 4676 πεπονθώς
367 4632 393 4665 τι
413 4609 458 4667 καί
479 4608 569 4681 αιἰτδς,
584 4610 631 4667 οὐκ
653 4599 701 4667 οἷδ’
722 4606 792 4672 όπως
812 4606 858 4664 καί
872 4610 1000 4665 κατελεῶν
1044 4614 1125 4677 aliquo
1141 4616 1213 4665 morlo
1228 4616 1474 4666 commonenranimo
1492 4620 1517 4666 et
1530 4617 1644 4667 miserear
1657 4618 1751 4680 puellm.
1782 4617 1824 4666 sed

217 4700 264 4767 τὴν
285 4697 375 4775 κόρην.
418 4695 487 4756 Ἀλλ’
508 4688 581 4755 οἶσθα
602 4701 637 4763 δνς
660 4696 755 4774 ἄρρενα
776 4694 822 4768 μὲν
845 4697 883 4772 τῷ
904 4692 1001 4773 ἹΙλίιρ,
1044 4702 1105 4761 scis,
1119 4702 1184 4765 quod
1198 4704 1333 4752 masculum
1348 4705 1518 4766 qrridemSoli,
1534 4706 1647 4755 laminam
1662 4708 1743 4754 erilem
1757 4709 1825 4755 brinta

219 4785 325 4854 θήλειαν
340 4783 366 4841 δέ
387 4789 420 4862 τῇ
437 4784 571 4864 Σεληναίορ
592 4786 732 4864 προσάγειν
752 4805 779 4840 τε
796 4783 841 4840 καὶ
861 4783 1001 4861 ἱερουργεῖν
1045 4793 1070 4839 et
1088 4790 1175 4840 oberte
1194 4792 1220 4840 ei
1237 4792 1370 4841 sacrificare
1390 4794 1427 4842 lex
1453 4793 1564 4855 postulet.
1596 4796 1659 4842 com
1679 4793 1825 4842 antemnae

178 4873 233 4927 abl
253 4869 330 4944 νόμος
348 4871 480 4949 βούλεται.
521 4870 629 4942 Ἰἀύτης
649 4873 676 4928 δὲ
699 4870 805 4949 πρώτης
828 4871 1001 4948 αἰχμαλώτου
1046 4878 1104 4928 milri
1117 4878 1235 4941 primasii
1247 4878 1351 4929 adducta
1368 4883 1463 4943 captiva
1474 4884 1498 4931 et
1508 4881 1619 4943 praesenti
1631 4882 1747 4930 sacriticio
1757 4880 1824 4929 desti·

220 4976 264 5030 μοι
287 4957 477 5034 προσαχθείσης
497 4959 542 5016 καί
563 4959 598 5023 τίς
617 4956 664 5029 τὴν
678 4965 723 5017 νῦν
737 4960 828 5017 θυσίαν
845 4960 1002 5037 ἀποκληρω·
1046 4967 1116 5024 nata,
1131 4965 1231 5013 omnino
1247 4967 1410 5016 excusationis
1423 4967 1502 5015 locum
1516 4980 1563 5015 non
1576 4967 1676 5015 baberet
1689 4968 1752 5029 apud
1767 4969 1825 5015 ιιιιιΙ-

220 5042 511 5120 θείσης,σἰπαραίιητος
522 5045 554 5104 ἂν
567 5046 665 5120 γένοιτο
677 5048 739 5124 πρὸς
749 5046 778 5103 τὸ
788 5044 1001 5124 πλῆθοςὴύπέρ-
1047 5052 1175 5102 titudinem
1188 5052 1279 5103 dilatio.
1314 5051 1825 5115 Unrrmtantumiliiadjumentoanselm

220 5137 298 5195 θεσις.
340 5127 390 5187 Ἓν
406 5131 483 5203 μόνον
505 5130 536 5189 ἂν
551 5132 719 5212 βοηθήσειεν,
739 5135 761 5191 εί
776 5137 822 5202 τῆς
842 5132 956 5211 ἐσχάρας
970 5132 1002 5202 ἢν
1047 5145 1097 5202 soi,
1119 5140 1138 5187 si
1154 5143 1281 5203 goslariam
1296 5145 1392 5199 ίιιιιιιιι,
1412 5144 1439 5189 rit
1459 5141 1521 5199 sris,
1537 5138 1715 5197 conscenderit,
1739 5154 1784 5187 ιιιιιι
1804 5154 1827 5188 se

221 5208 294 5275 οίσθα
317 5215 448 5287 irrides,
465 5221 502 5292 μί,
520 5220 663 5295 ἁγνεύουσοί
682 5244 735 5285 πως
760 5224 805 5289 τῆς
825 5218 889 5296 πρδς
910 5219 1002 5299 ἄνδρας
1047 5242 1200 5279 conservasse
1224 5232 1346 5291 expertem
1364 5228 1543 5279 consrrelrnlinis
1561 5228 1665 5276 virorum
1687 5227 1827 5288 ‹iepneinun
