3932 5946
867 450 977 509 LIBER
1000 452 1036 509 V.

137 603 224 649 σιιτο,
240 576 298 649 ipro
311 576 468 634 οἰκειότατον
484 574 573 653 ἐκείνῳ
588 574 676 650 λόγους
688 576 722 639 εἰς
735 575 846 653 εὐωχίαν
860 579 917 654 ἐρα·

1694 462 1749 517 aut

939 599 1036 689 γηιιοιιι
1055 588 1073 633 si
1086 586 1250 633 narrationum
1267 585 1331 633 itlius
1350 586 1457 646 inprimis
1477 588 1597 648 propriam
1616 588 1750 649 scantiniam

136 667 273 742 νιζόμενοε-
316 661 726 740 Ἐπείθετοδίἰαλαίσιρις,ἅμα
737 662 784 736 μέν
796 667 833 742 τῷ
848 664 918 733 Kar]-
941 692 944 715 ι
965 687 988 721 ιιι
1001 673 1138 722 conuicium
1150 675 1264 721 conterat.
1299 673 1751 725 t'nrelratcatisirisetcorrrcnemoni

137 778 202 828 μωνι
215 750 404 830 χαριζόμενος,
427 747 484 822 ἀμα
499 747 527 804 δέ
546 747 591 805 τὀν
613 748 765 806 Ναυσικλέα
786 752 838 807 τῶν
852 750 920 825 μετδι
941 764 943 795 ²

135 840 206 898 ταῦθ’
222 838 308 896 ένεκεν
329 835 534 911 ὑποποιούμενος
548 833 594 892 καί
610 833 705 891 ἅπαντ’
721 835 806 912 ἔλεγε·
818 836 851 894 τίι
872 837 920 912 μὲν

112 932 227 1006 επριῦτα
242 926 288 984 καί
306 924 356 996 ἤδη
371 922 496 1001 λεχθέντα
515 921 579 999 πρὸς
596 921 729 996 Κνήμωνα
746 924 921 999 ἐπιτεμνόμε-

135 1039 175 1079 νος
193 1014 240 1072 καὶ
260 1010 374 1088 ὡσπερεί
397 1008 617 1090 κεραλαιούμενος
642 1008 687 1066 καί
710 1032 767 1066 τινα
790 1010 836 1068 καὶ
854 1010 919 1067 ἑκὼν

137 1100 313 1178 ύπερόαίνων,
329 1100 378 1157 ὅσα
391 1096 435 1156 τόν
447 1097 598 1159 Ναυσικλέα
611 1096 764 1173 γιγνώσκειν
777 1099 806 1155 αὖ
819 1098 920 1177 σνμρέ-

137 1213 189 1263 ρειν
208 1186 364 1261 ἐδοκίμαζε,
378 1183 411 1242 τά
432 1186 456 1242 δ’
469 1183 507 1242 ἰτι
528 1180 657 1260 ἀδιήγητα
672 1180 718 1239 καὶ
740 1183 852 1261 ἐχόμενοι
869 1188 921 1241 τῶν

137 1276 281 1355 εἰρημένων
295 1273 364 1331 ἐνθεν
379 1270 458 1330 ἑλών·

103 1386 125 1422 ιν
177 1361 232 1423 17].
256 1360 306 1426 Ὦς
319 1356 409 1429 ἐπειδὴ
423 1361 470 1428 τῆς
490 1356 634 1430 Φοινίσσης
648 1355 756 1424 όλκαίδος
769 1356 920 1433 ἐπέδησαν,

138 1450 195 1516 τοὶς
213 1446 329 1527 Δελφούς
346 1444 522 1524 ἀποδράντες,
541 1444 574 1502 τὰ
596 1446 644 1521 μὲν
658 1448 751 1522 πρῶτα
763 1444 838 1503 πλεῖν
853 1446 921 1505 κατὰ

137 1539 261 1613 γνώμην,
276 1537 382 1611 εῦκραεί
392 1536 431 1613 τῷ
445 1534 576 1609 πνεύματι
590 1533 635 1590 καί
647 1534 677 1589 ἐκ
688 1533 775 1590 νόιτων
795 1537 920 1613 ὑπορερο·

138 1622 245 1698 μένους,
262 1621 318 1679 ἐπεὶ
340 1619 367 1677 δὲ
381 1621 452 1678 κατόι
466 1620 509 1677 τὸν
530 1618 699 1678 Καλυδώνιον
715 1619 831 1698 πορθμόν
854 1620 923 1695 γενέ·

139 1718 212 1779 σθαι,
235 1710 444 1787 διαταραχθῆναι
461 1715 527 1786 σιγᾶς
545 1709 573 1764 οὐ
594 1709 707 1786 μικρῶς,
725 1706 874 1785 ταραχώδει
890 1707 923 1765 τό

104 1821 126 1858 ιι
139 1795 222 1856 πολλὰ
233 1796 307 1873 φύσει
321 1796 442 1865 θαλάσση
457 1792 661 1871 προστυχόντας.
703 1794 759 1851 Τοῦ
773 1792 800 1849 δί
811 1794 923 1868 Κνήμω-

140 1908 181 1950 νος
200 1885 267 1961 μηδί
279 1890 354 1943 τοῦτο
369 1881 528 1960 παραλιπεῖν
543 1880 673 1947 ἀξιοῦντος
687 1879 755 1936 ἀλλά
779 1880 885 1959 ρρόζειν
899 1880 923 1938 τί

140 1995 196 2030 τινα
208 1968 428 2045 καταμεμαθήκαι
443 1972 492 2037 τῆς
503 1966 709 2036 ἐπιπολαζούσης
722 1968 760 2041 τῷ
773 1966 846 2046 τόπῳ
857 1988 923 2044 τρα·

139 2060 251 2137 χότητος
265 2060 366 2116 αἰτίαν·
386 2055 425 2116 Τό
438 2055 568 2131 πέλαγος,
584 2053 633 2133 ipa
643 2097 652 2125 ‚
664 2054 696 2111 τό
707 2053 797 2112 Ἰόνιον
812 2055 842 2110 ἐκ
855 2055 923 2110 πολ·

140 2150 187 2217 λῆς
200 2144 362 2225 εὐρυχωρίας
372 2145 484 2203 ἐνταῦθα
499 2140 669 2216 ατενούμενον
683 2141 727 2199 καὶ
746 2139 864 2219 καθάπερ
881 2138 923 2197 διδ

105 2252 129 2288 ²¹¹
142 2234 249 2309 στομίου
269 2232 335 2298 τινὸς
347 2235 383 2298 εἰς
398 2232 442 2289 τόν
464 2232 609 2307 Κρισσαῖον
625 2231 723 2309 κόλπον
740 2228 923 2305 εἰσχεόμενον,

140 2320 259 2394 ἑπιμίξαι
270 2343 299 2377 τε
314 2318 378 2398 πρός
396 2316 444 2392 την
463 2315 578 2393 Αἰγαίαν
593 2315 728 2374 θάλασσαν
741 2314 923 2392 ἐπειγόμενον,

140 2409 191 2467 iao
205 2412 251 2479 τῆς
266 2405 467 2467 Πελοποννήσου
482 2404 590 2482 Ἰσθμοῦ
604 2407 650 2475 τῆς
663 2404 754 2482 πρόσω
763 2411 843 2483 φορᾶς
857 2403 924 2459 ἀνα-

140 2496 284 2571 κόπτεται,
294 2493 441 2574 προμηθείομ
453 2491 624 2571 κρειττόνων,
632 2494 667 2559 ὡς
678 2492 775 2566 ἔοικεν,
786 2491 925 2548 ἐπικλύσαι

140 2583 188 2653 τὴν
202 2582 335 2641 ἀντίθετον
353 2580 471 2661 προόολῇ
485 2586 530 2639 τοῦ
556 2579 663 2658 αὐχένος
684 2576 923 2657 ἀποτειχιζόμενον.

101 2691 127 2727 un
142 2673 202 2729 Κάκ
216 2671 291 2729 τοῦδε
302 2669 456 2750 παλιρροίας
467 2671 502 2733 ως
516 2666 546 2726 τδ
560 2669 628 2734 εἰκὸς
641 2666 788 2744 γινομένης,
802 2665 847 2724 καὶ
866 2667 925 2743 περὶ

140 2758 213 2817 τόνδε
227 2758 271 2816 τὸν
286 2758 402 2837 πορθμὸν
414 2756 492 2815 πλέον
504 2753 521 2826 ἡ
535 2752 605 2813 κατδι
616 2751 659 2812 τδν
673 2756 751 2812 ἄλλον
762 2755 858 2813 κολπον
872 2756 926 2811 θλι·

141 2846 270 2918 όομένης,
284 2850 329 2902 τοῦ
347 2842 506 2922 ἐπιρρέοντος
518 2841 556 2900 ἔτι
569 2844 607 2923 τῷ
622 2841 790 2921 ἀνατρέχοντι
798 2840 924 2907 πολλάκις

141 2934 330 3007 ἐμπίπτοντος,
358 2929 477 3011 βρασμόν
499 2929 522 2987 τ’
546 2928 617 3008 ἴσχει
639 2928 668 2987 τὸ
690 2930 772 3008 ὕδωρ,
793 2928 837 2986 καί
853 2933 925 3004 κῦμα

141 3022 302 3100 φλεγμαῖνον
318 3016 409 3097 ἐγείρει
434 3016 498 3096 πρδς
511 3021 557 3088 τῆς
581 3018 734 3083 ἀντιτυπίας
752 3019 787 3082 εἰς
806 3015 925 3073 κλύδωνα

101 3123 128 3161 at·
142 3106 342 3187 κορνροόμενον.
386 3106 456 3166 Ἐπί
479 3103 579 3170 τούτοις
602 3104 696 3183 κρότου
717 3101 856 3182 γενομένου
880 3102 925 3160 καὶ

141 3194 262 3267 ε’παίνου,
273 3198 324 3253 τῶν
335 3192 470 3275 παρόντων
482 3195 567 3264 ἀληθῆ
583 3183 649 3250 εἰναι
664 3192 865 3273 μαρτυρούντων
877 3191 925 3261 τὴν

141 3282 243 3351 αἰτίαν,
263 3280 439 3359 δΚαιλοίαιρις
464 3280 550 3359 εἰχετο
564 3282 616 3336 τῶν
633 3281 701 3350 ἑξῆς·
720 3277 926 3359 Ὑπερύαλόντες

142 3371 192 3439 δὴ,
208 3368 308 3447 λέγων,
328 3368 372 3426 τὸν
386 3367 501 3447 πορθμὸν
522 3367 567 3425 καί
581 3367 674 3436 νήσους
695 3366 797 3434 Ὀξείας
811 3364 925 3444 ἀποκρύ-

141 3462 252 3537 ιἰχαντες,
266 3456 314 3528 τὴν
326 3455 477 3516 Ζακυνθίων
489 3454 572 3534 ἀκραν
585 3463 744 3534 προσκοπεῖν
757 3453 925 3533 ἀμρεόόλλσ·

102 3566 128 3603 aa
142 3568 208 3619 μεν,
221 3543 312 3624 όνσπερ
322 3544 436 3623 ἀμυδρόν
448 3566 474 3599 τι
492 3541 565 3622 alpe<
579 3543 625 3608 τόις
636 3545 706 3621 ὄψεις
720 3546 796 3616 ἡμῶν
815 3543 926 3619 ύπσδρα·

143 3636 258 3705 μοῦσαν,
302 3632 356 3691 Καὶ
377 3626 391 3689 ό
411 3629 571 3708 κυόερνήτης
584 3630 615 3687 τὸ
634 3631 715 3687 ἱστίον
736 3629 926 3709 παραστέλλειν

142 3719 294 3781 ἐπέταττεν.
338 3718 432 3794 Ἡμεῦν
451 3717 478 3775 δέ
501 3717 701 3794 πυνθανομένων
715 3718 781 3776 διότι
796 3716 927 3796 παραλύει

143 3809 173 3865 τὸ
190 3807 289 3887 ῥόθιον,
300 3811 346 3878 τῆς
357 3807 421 3870 νεὼς
438 3806 669 3885 ούριοδρομούσης·
681 3803 759 3876 Ὅτι,
774 3804 838 3884 ἔρη,
853 3806 928 3876 πλη-

143 3894 237 3972 σιστίῳ
250 3893 381 3973 χρώμενοι
392 3898 431 3973 τῷ
443 3893 590 3969 πνεύματι,
602 3895 661 3972 περὶ
676 3891 782 3971 πρώτην
798 3891 829 3950 ἂν
843 3894 926 3968 φυλα-

104 4003 130 4039 ao
144 3980 194 4052 κήν
213 3985 247 4059 τῇ
267 3981 341 4061 νήσῳ
363 3980 589 4059 προσορμίσαιμεν
613 3982 657 4039 καὶ
678 3980 735 4046 δέος
757 3984 927 4060 προσοκεῖλαι

145 4067 280 4132 σκοταίους
294 4070 384 4134 τόποις
409 4069 515 4147 ῦραίλοις
531 4067 564 4126 τόι
586 4066 672 4126 πολλόι
686 4069 731 4126 καί
749 4069 925 4146 κρημνώδεσι.

147 4154 237 4213 Καλόν
251 4146 295 4215 σύν
311 4158 506 4235 ἐννυκτερεῦσαι
530 4160 567 4235 τῷ
587 4157 696 4235 πελάγει
710 4157 755 4213 καὶ
772 4155 802 4213 τὸ
823 4161 927 4231 πνεῦμα

145 4240 288 4321 ιἰρειμένως
302 4244 442 4322 δέχεσθαι,
456 4243 699 4323 συμμετρουμένους
712 4244 771 4299 όσον
782 4243 814 4301 διν
829 4242 928 4321 γένοιτο

145 4326 273 4408 αὔταρκες
287 4328 366 4413 ἓῴους
380 4335 449 4406 ἡμᾶς
460 4336 493 4410 τῆ
505 4356 538 4409 γη
553 4332 746 4411 προσπελάσαι.

104 4439 131 4476 aa
187 4420 197 4476 l
203 4416 245 4478 ll'.
268 4422 353 4478 Ταῦτ’
368 4409 424 4477 εἰπε
440 4418 487 4495 μέν
500 4422 513 4476 δ
526 4418 699 4499 κυόερνήτης,
711 4420 758 4475 οὐκ
771 4419 871 4495 ἐγένετο
885 4417 927 4487 δέ,

146 4498 360 4581 εἶιΝαυσίκλεις,
382 4509 441 4565 ἀλλ’
465 4506 512 4583 ἀμ’
534 4506 606 4577 ἥλιός
628 4530 656 4564 τε
680 4504 771 4582 ἀνέσχε
792 4505 836 4562 καί
854 4506 929 4581 ἡμεῖς

146 4595 263 4673 ἄγκυραν
285 4594 418 4672 καθίεμεν·
461 4597 496 4653 0t
511 4594 538 4651 δὲ
552 4598 598 4665 τῆς
613 4594 692 4664 νήσου
704 4594 764 4671 περί
784 4592 828 4649 τὸν
849 4591 929 4673 όρμυν

145 4684 290 4757 οἰκοῦντες,
301 4685 433 4765 ἀπέχοντα
446 4684 475 4741 οὐ
486 4680 553 4739 πολὺ
569 4687 616 4752 τῆς
627 4682 744 4754 πόλεως,
755 4682 873 4759 καθάπερ
887 4680 930 4738 ε’πί

146 4795 171 4827 τι
187 4771 331 4849 παράδοξον
345 4774 391 4841 τὴν
412 4770 471 4830 θέαν
487 4771 533 4841 την
550 4772 680 4849 ἦμετέραν
696 4769 848 4848 συνέρρεον,
863 4769 930 4847 ἀγοί·

106 4875 132 4912 εν
148 4881 221 4933 μενοι
240 4860 287 4935 μέν
302 4864 336 4928 ὡς
357 4859 491 4939 ἐμαίνοντο
514 4859 559 4917 καί
574 4860 603 4916 τὸ
617 4863 664 4928 τῆς
676 4858 784 4924 ὁλκάδος
799 4857 930 4935 εύόγωγον

144 4947 183 5010 ἐἰς
196 4946 293 5013 silio<
313 4951 336 5004 θ’
354 4946 410 5020 ἅμα
436 4945 481 5002 καί
501 4945 608 5022 μέγεθος
628 4947 764 5022 αἰρόμενον
786 4947 932 5017 ἐκπεπονη-

146 5031 241 5102 ιιένης,
259 5033 408 5092 discutiens
424 5034 454 5091 τὸ
469 5033 650 5113 φιλοτέχνημα
661 5033 795 5111 γνωρίζειν
805 5034 931 5110 λέγοντες,

146 5120 226 5178 πλέον
246 5119 273 5178 δὲ
288 5122 462 5197 θαυμάζοντες
476 5125 511 5187 ὡς
531 5120 677 5200 παραλόγῳ
690 5126 723 5198 τῇ
737 5120 804 5198 τύχη
825 5146 843 5197 χ
846 5145 933 5200 ρησα-

146 5206 256 5282 μένους,
272 5206 356 5267 εύδιυν
367 5231 394 5265 τε
410 5208 455 5268 καὶ
472 5209 597 5286 ἀπήμονα
612 5210 694 5267 πλοῦν
713 5211 740 5266 ἔν
755 5208 881 5287 χειμερίῳ
900 5212 933 5286 τῇ

965 760 1099 821 gratificans
1110 764 1163 809 turn
1175 760 1311 809 Nausiclcm
1324 760 1367 808 sibi
1384 766 1481 822 propter
1490 775 1518 809 ea
1529 775 1584 822 unce
1594 768 1752 812 consecutura

964 852 1033 898 eruin
1040 849 1184 905 devinciens,
1193 849 1273 895 omnia
1282 846 1395 899 dicebat:
1409 849 1485 909 puina
1494 850 1591 909 quidem
1601 854 1625 899 ct
1636 864 1692 912 qrrre
1700 852 1751 912 jam

965 936 1081 985 cnemoui
1094 937 1203 998 exposita
1218 936 1313 984 inerant
1325 935 1469 985 contrahens
1485 940 1509 986 et
1520 938 1641 998 praecipue
1654 940 1751 988 tantum

965 1025 1032 1085 (μισεῖ
1041 1024 1119 1085 capita
1129 1026 1246 1084 repetens,
1256 1023 1370 1084 qrrmdam
1380 1025 1460 1072 autem
1470 1027 1556 1085 sponte
1566 1024 1751 1086 transgrediens,

965 1123 1020 1171 quas
1038 1110 1172 1159 dausictern
1189 1111 1249 1159 seire
1264 1123 1311 1157 nou
1328 1122 1379 1157 esse
1396 1123 1475 1171 operas
1496 1111 1750 1173 pretium-indicabat.

967 1200 1041 1246 t’orro
1053 1212 1094 1257 ea,
1112 1210 1168 1258 quae
1178 1199 1285 1246 nondum
1295 1202 1363 1246 orarit
1379 1201 1475 1247 narrata
1485 1202 1509 1248 et
1522 1199 1676 1259 cotrnrebunt
1693 1213 1750 1248 cum

967 1285 1002 1334 tris
1012 1299 1068 1347 qrrra
1079 1286 1142 1334 dicta
1157 1286 1253 1335 tuerent
1264 1286 1433 1346 continuabat,
1444 1286 1499 1335 inde
1509 1286 1607 1336 inducto
1615 1285 1714 1337 exordio
1728 1307 1734 1335 ι

996 1376 1072 1423 xvir.
1084 1375 1162 1436 ipsos,
1173 1386 1229 1422 cum
1239 1385 1326 1422 narem
1338 1374 1473 1422 onerariam
1485 1370 1626 1423 Ptuenicnm
1639 1388 1752 1424 conscen-

966 1461 1071 1521 dissent,
1088 1463 1214 1524 postquam
1226 1460 1329 1522 Delphos
1340 1461 1490 1522 attingerant,
1507 1462 1611 1523 primum
1629 1462 1752 1523 navigasse

967 1562 995 1598 cs
1010 1550 1140 1607 unientis,
1152 1562 1208 1597 curn
1227 1548 1333 1597 secundo
1353 1550 1427 1596 rento
1441 1549 1514 1597 ctiam
1531 1563 1545 1596 a
1558 1552 1625 1609 tergo
1644 1549 1751 1611 irripielte·

968 1641 1049 1687 rentor
1063 1652 1069 1684 :
1084 1641 1110 1686 at
1122 1650 1177 1685 eum
1190 1637 1220 1685 ad
1240 1636 1399 1698 calydonium
1414 1637 1501 1685 tratum
1512 1638 1689 1699 pervenissent,
1704 1650 1752 1685 non

968 1725 1119 1773 mediocriter
1128 1725 1238 1773 turbatos
1249 1737 1312 1782 ease,
1327 1737 1383 1772 cum
1395 1723 1532 1773 incidissent
1548 1726 1572 1773 in
1586 1738 1653 1774 mare
1667 1729 1754 1773 natura

969 1812 1144 1862 turbulentum.
1176 1815 1387 1862 cncmoneautem
1397 1849 1404 1872 ,
1416 1817 1443 1862 ut
1457 1826 1535 1876 neque
1547 1814 1593 1861 troc
1608 1813 1753 1876 praetermit-

968 1902 1042 1960 teret,
1055 1903 1166 1961 petente,
1181 1892 1222 1948 s'ed
1236 1899 1341 1959 diceret,
1354 1902 1374 1950 st
1384 1916 1458 1964 qnam
1478 1914 1576 1949 cauum
1586 1899 1754 1949 commotionis

969 1988 1012 2036 lito
1028 1987 1051 2035 tn
1068 1988 1122 2036 ioco
1133 1988 1258 2037 existentia
1271 1989 1454 2050 investigasseta
1479 1988 1591 2049 Pelagus,
1607 1988 1697 2049 inquit,
1715 1990 1754 2034 tor

969 2075 1052 2133 nium,
1065 2088 1093 2123 ex
1113 2088 1201 2136 magna
1211 2076 1342 2126 <maritatae
1356 2076 1389 2125 ibi
1407 2078 1431 2124 in
1445 2076 1567 2138 angustias
1586 2070 1710 2124 redactum
1730 2077 1755 2121 et

969 2165 1082 2224 undarum
1101 2176 1143 2223 por
1163 2162 1253 2211 ostium
1273 2163 1394 2226 ηιιοιίιίειιι
1414 2176 1465 2213 sese
1479 2163 1503 2211 in
1525 2163 1604 2210 sinum
1625 2162 1754 2211 crissumn

969 2249 1096 2298 infundens
1105 2253 1130 2298 et
1137 2250 1230 2298 nrtsceri
1241 2264 1297 2299 curn
1306 2253 1365 2300 mart
1376 2253 1456 2313 AEguo
1467 2262 1610 2312 properans,
1620 2248 1652 2296 ab
1663 2247 1754 2296 lstlrmo

969 2338 1170 2398 Peloponnesiaco
1182 2338 1303 2387 tnlrtbetur
1314 2353 1342 2387 ac
1357 2337 1500 2394 retunditur,
1513 2335 1662 2399 providentia
1674 2335 1754 2382 numi·

970 2423 1007 2471 nis
1021 2424 1134 2484 tortasse,
1148 2438 1216 2474 neca
1225 2425 1327 2475 adverso
1339 2427 1409 2474 sitam
1425 2427 1515 2474 terram
1525 2421 1638 2471 eluvione
1648 2419 1753 2481 obruet,
1811 2442 1814 2447 s

969 2512 1133 2572 objectorotto
1141 2513 1306 2563 interclusum.
1341 2517 1370 2563 ar
1380 2526 1437 2562 curn
1450 2510 1518 2569 tude,
1528 2513 1555 2559 ut
1567 2512 1754 2557 consentaneum

970 2603 1018 2660 est,
1035 2599 1141 2649 redonus
1161 2601 1248 2650 existat
1268 2604 1291 2649 et
1302 2602 1365 2648 circs
1380 2600 1426 2649 boc
1445 2601 1533 2649 tratum
1552 2594 1626 2658 magis
1637 2608 1711 2658 uuam
1730 2596 1754 2644 iu

970 2689 1062 2749 reliquo
1074 2688 1126 2735 sinu
1141 2691 1241 2747 cogatur
1253 2691 1278 2737 et
1296 2690 1439 2747 coarctetur,
1452 2700 1481 2737 eo
1498 2686 1563 2749 qnod
1582 2685 1662 2734 auree
1675 2684 1755 2734 inlinit

970 2776 994 2823 tn
1009 2774 1032 2823 id
1041 2775 1106 2836 ηιιοιί
1119 2776 1280 2837 reciprocatur
1289 2776 1377 2838 saepius
1387 2775 1521 2835 incidente,
1535 2773 1756 2834 buttitionernaqua

970 2863 1042 2911 ettlcit
1054 2866 1079 2911 et
1092 2866 1180 2913 aestum
1194 2864 1327 2911 terentem
1338 2863 1441 2924 excitat,
1451 2875 1481 2909 es
1500 2865 1586 2911 mutuo
1595 2873 1713 2909 concrusu
1730 2862 1756 2907 et

970 2950 1093 2999 eotttsiooo
1112 2951 1137 2998 in
1159 2950 1261 2998 tlrrttum
1281 2950 1441 2999 cumulatum.
1474 2952 1535 3007 Qum
1553 2961 1609 2996 cnm
1629 2948 1712 3010 plausu
1731 2951 1755 2996 et

970 3038 1081 3088 tarrrtibrrs
1093 3040 1193 3100 excepta
1211 3040 1302 3094 uacat,
1315 3038 1352 3085 bis
1371 3039 1413 3100 qui
1427 3036 1528 3086 aderant
1541 3047 1622 3083 reram
1634 3048 1685 3084 esse
1696 3048 1754 3083 oau-

970 3138 1021 3173 sam
1041 3125 1247 3186 oonteatantibns,
1262 3125 1374 3174 Catasiris
1398 3124 1555 3175 continuabat
1570 3123 1752 3173 narrationem:

971 3215 1033 3262 cnm
1045 3226 1236 3276 superessemus,
1247 3213 1342 3273 dicens,
1359 3214 1462 3271 tratum,
1477 3216 1502 3262 et
1513 3215 1670 3274 mnspectnm
1690 3210 1755 3260 insu-

972 3299 1051 3349 larum
1068 3303 1200 3351 scalmum
1218 3301 1395 3361 arnblucmus,
1409 3301 1593 3362 Zacyuttrtorum
1614 3300 1756 3361 promonto-

971 3396 1033 3443 rium
1044 3395 1178 3457 prospicere
1188 3409 1231 3444 που
1238 3395 1405 3457 opinabantur,
1413 3399 1528 3457 tanquam
1538 3393 1666 3443 olacuram
1673 3406 1757 3456 quarra-

971 3488 1026 3537 dam
1039 3488 1129 3538 nubem
1138 3488 1162 3537 tn
1173 3490 1256 3537 ocutos
1271 3491 1366 3538 nostros
1379 3490 1540 3538 incurrentem
1553 3495 1560 3536 ¹:
1573 3491 1598 3537 et
1613 3489 1757 3549 gubernator

972 3585 1052 3633 retum
1066 3584 1208 3633 contrahere
1215 3583 1324 3646 jubebat.
1357 3584 1431 3634 lintris
1442 3587 1523 3633 autem
1537 3582 1756 3646 percunctantibus,

971 3676 1128 3739 quamobrem
1139 3677 1279 3728 dissolveret
1291 3681 1315 3727 et
1327 3677 1418 3727 taxaret
1427 3678 1559 3740 impetum,
1570 3689 1626 3724 cum
1641 3675 1708 3723 naris
1721 3686 1757 3723 se·

972 3771 1079 3820 cunctum
1100 3772 1199 3820 ventum
1220 3771 1333 3831 traberet;
1351 3772 1486 3830 Quoniam,
1502 3769 1593 3830 inquit,
1606 3768 1625 3816 si
1646 3766 1757 3815 seerrndts

972 3864 1036 3914 auris
1052 3866 1104 3914 reta
1122 3864 1312 3926 permiserimus,
1329 3863 1393 3912 circa
1409 3862 1510 3923 primam
1522 3859 1599 3907 noctis
1608 3856 1712 3917 vigiliam
1726 3857 1756 3902 ad

972 3958 1075 4006 institam
1090 3958 1253 4019 appellemus,
1272 3969 1329 4003 cum
1348 3956 1444 4003 interim
1463 3949 1620 4001 metuendum
1631 3948 1678 4007 sit,
1691 3961 1720 3995 rio
1733 3948 1756 3995 in

972 4053 1076 4100 tenebris
1089 4052 1112 4098 iu
1125 4050 1177 4098 loca
1195 4049 1259 4098 ansis
1272 4047 1402 4098 latentibus
1414 4058 1500 4107 magna
1515 4057 1545 4092 ει
1562 4045 1628 4104 parte
1650 4042 1719 4102 plena
1733 4043 1757 4089 et

973 4148 1092 4207 praerupta
1107 4143 1275 4204 impingamus.
1308 4142 1449 4189 Consrrttunr
1465 4140 1502 4187 est
1527 4138 1600 4197 igitur
1618 4135 1758 4196 pernoctare

974 4238 998 4285 in
1017 4238 1077 4285 mari
1089 4240 1114 4284 ct
1135 4240 1234 4283 rentum
1255 4235 1340 4283 ieviter
1354 4233 1476 4294 excipere,
1496 4242 1524 4277 ea
1538 4227 1689 4291 proportione
1709 4239 1758 4286 ‹pra

973 4332 1082 4379 srrttrcere
1099 4329 1173 4391 possit
1186 4332 1212 4376 ut
1223 4326 1331 4376 manead
1346 4329 1434 4375 terram
1445 4322 1600 4385 applicemus.

1004 4427 1092 4475 xvttt.
1111 4426 1168 4473 linc
1177 4423 1239 4471 distr
1255 4419 1353 4482 atridem
1363 4419 1518 4478 aestumator,
1531 4419 1638 4465 ceterum
1651 4427 1699 4462 nou
1715 4416 1757 4461 tie·

975 4515 1044 4569 bant,
1064 4511 1201 4570 Nausictes;
1226 4509 1267 4557 sed
1284 4521 1331 4557 nna
1346 4519 1401 4555 curn
1412 4505 1505 4554 oriente
1524 4504 1588 4563 sole,
1599 4516 1643 4552 nos
1662 4514 1758 4565 quoque

975 4612 1087 4649 ancoram
1106 4596 1301 4646 demittebamus.
1335 4597 1409 4643 Porro
1424 4592 1507 4641 irrsrrtae
1519 4592 1620 4650 incotre,
1637 4591 1678 4652 qui
1694 4589 1759 4638 trabi-

975 4689 1058 4737 talrant
1073 4686 1137 4733 cirus
1148 4689 1259 4745 portum,
1275 4695 1323 4730 nun
1347 4680 1429 4745 prrocul
1442 4679 1571 4727 distantem
1589 4679 1620 4727 ab
1641 4678 1714 4738 urire,
1729 4679 1759 4725 ad

975 4772 1139 4837 spectaculum
1148 4770 1222 4820 nostri
1232 4771 1349 4819 actrentrrs
1358 4771 1473 4829 tenuatam
1483 4779 1573 4815 ιιονιιιιι
1583 4770 1607 4815 et
1619 4766 1759 4815 inusitatum

976 4862 1100 4925 quidpiam
1114 4858 1280 4916 continebant,
1295 4857 1454 4915 admirantes,
1470 4858 1497 4903 ui
1513 4854 1658 4916 apparebat,
1673 4854 1759 4903 trabili-

978 4953 1052 5001 tatem
1061 4947 1130 4997 naria
1140 4945 1269 5002 onerariae,
1282 4944 1312 4992 ad
1324 4942 1525 5007 pulchritudinem
1535 4942 1607 4991 simut
1617 4946 1641 4991 et
1653 4941 1760 4995 altitudi-

978 5052 1032 5088 ncur
1041 5036 1185 5093 elaboratae,
1199 5032 1339 5081 t‘luenicum
1356 5031 1497 5080 industriam
1512 5031 1537 5079 el
1553 5030 1647 5079 artitieil
1659 5030 1760 5090 gloriam

978 5125 1015 5173 cet
1030 5123 1083 5172 tude
1097 5120 1206 5182 cognosci
1218 5120 1336 5177 dicentes;
1351 5122 1375 5167 et
1389 5119 1453 5181 qrrod
1469 5117 1605 5178 incredibili¹
1614 5119 1709 5166 tortuna
1725 5116 1761 5164 arsi

978 5224 1096 5265 αστειιιιιε.
1117 5209 1158 5271 qrri
1171 5206 1325 5269 tranquillans
1341 5207 1515 5271 navigationem
1530 5210 1555 5256 ct
1574 5205 1705 5267 detrudam
1726 5202 1761 5250 tri-

1620 5304 1654 5343 nn.
