3932 5946
882 432 993 491 LtBlllt
1018 432 1053 490 v.
1713 454 1769 504 sos

155 566 335 632 Ναυσικλέους
347 565 391 622 καὶ
406 556 506 640 γυναιξί
519 566 573 626 ταῖς
585 562 687 637 σίλλοις,
701 562 761 619 ὅσαι
777 566 940 639 παρη-χοροῦ·

153 681 201 714 σαι
212 652 299 713 πολλδι
313 653 358 710 καί
372 653 542 728 λιπαροῦσαι,
555 649 628 726 μόγις
641 647 748 707 ίπεισαν
758 648 815 725 ἅμα
827 649 940 726 βαδίζειν

151 742 214 821 τοίγ’
231 745 278 801 οὐκ
293 740 324 798 ἄν
346 762 410 796 ποτε
430 742 592 812 πεισθεῖσαν,
609 739 632 793 εί
646 735 683 810 μὴ
698 739 731 812 τῆ
752 735 880 814 προφάσει
894 741 940 805 τῆς

152 810 244 895 θυσίας
264 831 300 893 είς
323 826 368 892 τὰς
382 824 448 903 ὑπὲρ
469 823 618 901 Θεαγένους
639 820 718 901 εθχδις
738 822 939 901 ἀποχρήσασθαι

121 918 283 988 εδιενοήθη.
326 914 376 979 Ὡς
394 913 418 970 δ’
440 910 483 971 ἐπί
497 912 540 970 τόν
559 909 624 968 νεὼν
643 915 688 969 τοῦ
707 909 808 990 Ἑρμοῦ
827 933 940 989 παρεγε-

150 1027 240 1075 νοντο,
268 1002 370 1081 (τούτῳ
389 1000 440 1077 γδιρ
461 991 509 1074 ἦγε
532 995 578 1067 τὴν
600 996 692 1055 θυσίαν
714 999 882 1069 Ναυσικλῆς,
905 1001 940 1065 ὡς

152 1091 270 1170 ἀγοραίῳ
281 1112 309 1147 τε
323 1089 367 1147 καί
379 1090 515 1166 ἔμπορικῷ
527 1084 699 1166 διαφερόντως
710 1088 761 1142 τῶν
776 1086 862 1144 ἄλλων
874 1089 939 1145 θεῶν

152 1179 231 1237 αὐτὸν
253 1175 471 1252 καθοσιούμενος)
489 1174 581 1232 καὶτὰ
598 1170 656 1252 ίερδι
676 1172 791 1251 τάχιστά
805 1198 832 1231 τε
843 1176 856 1198 '
871 1173 939 1231 οθτω

150 1267 216 1344 πρὸς
240 1262 326 1344 βραχύ
345 1263 378 1321 τδι
397 1262 538 1340 σπλάγχνα
562 1259 739 1338 όΚαλάσιρις
763 1262 939 1339 ἐπιθεωρήσας

107 1371 135 1406 ¹⁰
152 1355 199 1412 καί
222 1352 344 1422 ποικίλην
372 1352 516 1421 δηλοῦσθαί
536 1351 587 1405 τῶν
610 1347 758 1422 μελλόντων
786 1349 936 1427 συντυχίαν,

150 1439 236 1511 ἡδέων
246 1462 274 1497 τε
287 1438 332 1496 καὶ
344 1438 477 1515 λυπηρῶν,
491 1442 547 1499 ταῖς
559 1440 606 1494 τοῦ
620 1434 762 1514 προσώπου
774 1444 882 1513 τροπαῖς
892 1438 938 1508 ἐμ·

151 1529 251 1606 φήνας,
266 1525 404 1584 ίπιόάλλει
413 1524 452 1582 τὼ
464 1524 536 1602 χεῖρε
547 1524 600 1586 τοῖς
614 1526 710 1600 βωμοῖς
721 1521 759 1580 ίτι
772 1522 938 1601 φλεγομένοις

151 1618 198 1673 καί
213 1619 247 1680 ὡς
259 1618 305 1684 τῆς
316 1622 400 1692 πυρᾶς
412 1614 488 1683 δῆθεν
503 1609 670 1685 σπασάμενος
685 1608 702 1666 δ
715 1609 799 1667 πάλαι
812 1609 936 1686 ίπεκομί·

152 1708 224 1774 ζετο,
240 1700 333 1761 Ταῦτά
348 1723 404 1770 σοι,
426 1698 489 1779 ἔφη,
504 1698 586 1774 λύτρα
605 1689 815 1776 Χαρικλείας,ὦ
833 1697 937 1757 Ναυσί-

107 1807 137 1846 tu
151 1793 237 1865 κλεις,
249 1792 274 1848 el
285 1787 338 1848 θεοί
350 1787 384 1845 δι’
395 1789 472 1861 ἡμῶν
482 1785 654 1863 προσάγουσι,
681 1784 734 1844 Καί
743 1782 791 1860 ἅμ’
801 1783 938 1863 ἐνεχείριζε

151 1877 290 1937 δακτύλιόν
315 1900 373 1934 τινα
398 1877 450 1932 τῶν
468 1875 623 1950 βασιλικῶν,
649 1872 778 1950 θπερφυίς
796 1895 822 1929 τι
844 1876 937 1950 χρῆμα

151 1967 199 2024 καί
211 1964 359 2035 θεσπέσιον,
371 1962 416 2021 τὸν
429 1960 477 2038 μίν
488 1960 584 2019 κύκλον
597 1959 717 2039 ἠλίκτριμ
731 1959 859 2030 διάδετον,
875 1963 938 2035 ἀμε-

150 2054 239 2132 θύστιρ
248 2054 271 2110 δ’
280 2054 422 2130 Αίθιοπικῇ
436 2049 484 2120 τὴν
499 2047 639 2129 σφενδόνην
647 2045 817 2127 φλεγόμενον,
831 2044 937 2124 μέγεθος

151 2144 200 2218 μὲν
212 2141 272 2200 ὅσον
284 2140 359 2217 όμμα
373 2139 528 2218 παρθενικὸν
539 2137 710 2217 περιγράφει,
727 2137 821 2202 κάλλος
836 2136 863 2194 δὲ
877 2159 936 2211 μα-

105 2252 134 2290 au
150 2234 206 2310 κρῷ
225 2234 272 2300 τῆς
289 2228 417 2306 Ἰύηρίδος
437 2250 466 2285 τε
486 2226 532 2284 καί
551 2226 720 2304 Βρεττανίδας
742 2224 934 2304 θπερφερούση.

150 2318 184 2376 Ἠ
206 2317 254 2394 μίν
274 2316 325 2396 γδρ
348 2318 455 2395 ἀδρανεῖ
474 2318 511 2395 τῷ
535 2312 605 2373 tota
625 2312 785 2392 φοινίσσεται
805 2312 849 2369 καὶ
870 2312 937 2392 ῥόδῳ

150 2403 303 2483 προσέοικεν
320 2404 350 2461 ἐκ
370 2401 493 2461 καλύκων
506 2401 564 2480 οίρτι
587 2399 650 2479 πρὸς
669 2400 770 2457 πέταλα
792 2399 937 2480 σχιζομένῳ

149 2493 196 2549 καὶ
217 2494 319 2570 πρῶτον
333 2491 455 2561 ἡλιακαῖς
474 2491 578 2547 ἀκτῖσιν
599 2485 772 2567 ἕρευθομίνῳ·
792 2486 936 2562 άμεθύστου

149 2581 173 2636 δ’
190 2576 352 2650 Αἰθιοπίδος,
368 2575 512 2659 ἀκραιφνὴς
524 2575 571 2653 μὲν
585 2576 630 2633 καί
645 2576 674 2633 ἐκ
688 2575 782 2653 βάθους
796 2572 885 2651 ἐαρινή
899 2597 936 2638 τις

106 2687 134 2723 as
150 2666 207 2747 ὥρα
220 2664 386 2745 πυρσεύεται.
430 2668 460 2725 Εἰ
476 2664 503 2722 δὲ
517 2662 637 2743 κατέχων
652 2661 831 2742 περιτρίιτεις,
844 2662 937 2720 ἀκτῖνα

149 2754 294 2831 προύοίλλει
316 2756 432 2832 χρυσῆν,
456 2754 506 2811 οθκ
529 2753 699 2830 ἀμαυροῦσαν
720 2747 866 2827 τραχύτητι
887 2748 936 2818 τὴν

149 2843 209 2922 ὄψιν
224 2838 293 2898 attila
306 2841 459 2922 φαιδρότητι
474 2840 701 2918 περιλάμπουσαν.
744 2838 784 2895 Οὐ
799 2834 852 2910 μὴν
867 2835 935 2894 etit

149 2930 195 2987 καί
216 2928 325 3005 δύναμις
339 2929 405 3008 αὐτῇ
428 2925 591 3006 γνησιωτίρα
613 2928 665 2984 τῶν
680 2924 709 2982 tx
725 2921 823 2981 δύσεων
834 2923 936 3000 ἐγκαθί-

150 3019 255 3095 Sporus.
297 3017 337 3077 Οθ
356 3014 407 3095 γδρ
421 3013 589 3094 ἕπιψεύδεται
602 3012 650 3083 τὴν
670 3012 859 3091 προσηγορίαν,
876 3008 935 3068 ἄλλ’

107 3122 135 3161 ao
150 3106 254 3175 άληθῶς
274 3103 417 3178 ἀμέθυστος
438 3104 477 3181 τῷ
500 3099 604 3181 φίροντι
618 3098 750 3177 γίγνεται,
764 3098 889 3178 νηφάλιον
909 3101 936 3156 ίν

148 3192 201 3259 τοῖς
213 3191 367 3268 συμποσίοις
381 3189 602 3270 διαφυλάττουσα.

189 3278 247 3339 IA'.
269 3278 386 3351 Τοιαύτη
401 3277 449 3355 μίν
460 3276 505 3336 καί
518 3280 620 3347 πᾶσαί]
640 3274 666 3343 ἐξ
679 3275 767 3334 Ἰνδῶν
781 3294 809 3331 τε
827 3273 872 3330 καί
887 3275 936 3332 Αί-

148 3366 248 3426 θιότιων
264 3366 418 3444 δμίθυστος.
460 3364 513 3426 ‘Hs
526 3364 554 3424 δὲ
569 3362 627 3422 τότε
640 3367 677 3442 τῷ
688 3362 834 3422 Ναυσικλεῖ
845 3384 936 3440 προσε-

148 3454 255 3530 κόμιζον
270 3457 284 3512 θ
302 3454 461 3534 Καλάσιρις,
479 3456 574 3534 μακρῷ
590 3451 634 3511 καὶ
651 3450 748 3518 ταύτας
761 3450 933 3510 ἐπλεονέκτει.

105 3558 133 3597 aa
150 3542 242 3619 Γραφῆ
257 3540 307 3620 γδρ
323 3540 410 3608 {teate
431 3540 476 3598 καί
494 3544 528 3606 είς
545 3542 656 3618 μίμημα
677 3538 750 3621 ζῴων
764 3540 932 3601 ἐκοιλαίνετο.

147 3626 193 3684 καί
219 3606 251 3696 ἦν
274 3630 292 3697 ἡ
313 3625 418 3709 γραφὴ,
442 3626 612 3707 παιδαρίσκος
635 3628 771 3703 ἐποίμαινε
796 3625 933 3706 πρόύατα,

148 3712 309 3794 χαμαιζηλιρ
327 3713 374 3789 μὲν
394 3712 477 3793 πίτρορ
492 3714 556 3794 πρὸς
579 3712 715 3793 περιωπὴν
738 3713 868 3793 ἐφεστὼς,
885 3714 934 3786 τὴν

147 3800 175 3859 δὲ
189 3799 272 3877 νομὴν
286 3805 319 3880 τῇ
333 3800 415 3881 άγίλῃ
428 3801 549 3881 πλαγίοις
563 3802 700 3879 αὐλήμασι
712 3801 866 3861 διατάττων,
889 3802 933 3864 Τθι

147 3887 169 3944 δ’
184 3889 318 3966 ίπείθετο,
340 3892 375 3954 ὡς
389 3888 490 3961 ἐδόκει,
506 3889 551 3947 καί
572 3888 709 3969 ἠνείχετο,
724 3888 788 3970 πρδς
808 3888 842 3946 τθ
860 3889 934 3948 trti-

105 3993 132 4031 to
147 3999 214 4053 σιμα
228 3981 275 4048 τῆς
287 3977 407 4056 σύριγγος
418 3977 619 4054 ποιμαινόμενα.
664 3967 745 4037 Εἶπεν
767 3976 799 4034 ἄν
812 4000 850 4043 τις
867 3975 933 4035 αθτδ

146 4065 192 4122 καί
209 4072 315 4144 χρυσοῖς
339 4063 486 4143 βεόριθίνιιι
509 4067 563 4130 τοῖς
583 4065 707 4141 μαλλοῖς,
722 4066 751 4122 οὗ
771 4068 817 4129 τῖς
840 4064 933 4143 τέχνης

148 4158 224 4210 τοῦτο
237 4148 427 4233 χαριζομένης,
445 4150 504 4209 ἀλλ’
518 4154 611 4210 οἰκεῖον
625 4150 743 4232 ἐρύθημα
761 4155 808 4222 τῆς
827 4150 932 4227 ἀμεθύ-

146 4261 209 4296 στου
240 4246 292 4304 τοῖς
312 4238 401 4303 νιύτοις
423 4237 618 4311 ίπανθιζούσης.
662 4238 801 4318 Γίγροιπτο
821 4240 865 4296 καὶ
887 4241 933 4317 ἆρ-

146 4326 207 4382 νίων
222 4324 313 4383 δπαλδ
328 4324 495 4405 σκιρτήματα
510 4324 555 4383 καί
576 4329 598 4385 οἱ
619 4326 665 4402 μίν
680 4325 807 4403 ἀγεληδόν
827 4325 870 4382 trel
885 4325 932 4394 τὴν

104 4434 131 4470 aa
146 4412 245 4490 πέτραν
270 4412 472 4492 ἀνατρέχοντος,
497 4414 520 4471 al
535 4413 562 4471 δὲ
579 4413 639 4493 περὶ
657 4414 701 4471 τδν
720 4412 800 4487 νομέα
822 4412 932 4477 κύκλους

146 4498 296 4580 ἀγερώχους
306 4500 487 4571 ἐξελίττοντες,
500 4503 651 4579 ποιμενικὸν
665 4501 772 4578 θέατρον
784 4498 931 4557 ἐπεδείκνυ-

145 4611 195 4644 σαν
214 4586 258 4643 τόν
275 4587 402 4665 κρημνόν.
445 4585 535 4648 Ἄλλοι
558 4589 580 4647 θ’
603 4586 692 4665 ὥσπερ
716 4587 782 4664 ἡλίῳ
805 4586 932 4664 τῇφλογί

145 4679 193 4739 ’.ἧς
215 4672 361 4748 ἀμεθύστου
384 4675 543 4753 γανύμενοι,
568 4677 684 4752 ἅλμασιν
702 4673 864 4753 ἅκρωνύχοις
884 4674 931 4744 τὴν

144 4759 245 4840 πέτραν
259 4761 373 4830 ἐπάξιον.
415 4762 496 4822 Ὅσοι
508 4764 531 4821 δ’
546 4766 631 4823 αὐτῶν
645 4763 802 4843 πρωτόγονοι
813 4762 856 4820 καὶ
869 4766 932 4841 θρα-

103 4870 130 4906 au
145 4852 249 4930 σύτεροι
274 4850 352 4933 [καί]
372 4853 564 4932 ὑπεράλλεσθαι
588 4851 753 4930 βουλομένοις
776 4849 819 4907 τὸν
837 4848 931 4908 κύκλον

145 4938 273 5017 ἐῴκεσαν,
288 4938 445 5017 είργομίνοις
459 4940 485 4998 δὲ
504 4939 615 5009 ὑπὸτῆς
631 4939 723 5018 τέχνης
735 4939 849 5018 ὡσπερεὶ
866 4938 932 5014 μα’ν-

144 5031 209 5104 δραν
230 5032 333 5105 χρυσῆν
358 5027 406 5098 τὴν
430 5027 570 5107 σφενδόνην
591 5028 677 5099 αὐτοῖς
690 5052 718 5085 τε
736 5029 781 5086 καὶ
797 5033 830 5105 τῇ
847 5026 930 5105 πέτρᾳ

144 5113 366 5193 περιόαλλούσης.
409 5113 443 5175 ‘ll
467 5116 490 5172 δ’
513 5107 545 5185 ἦν
571 5114 653 5192 πίτρα
675 5118 712 5193 τῷ
733 5114 786 5172 όντι
806 5114 851 5171 καί
872 5113 930 5190 οὐχὶ

144 5204 266 5279 μίμημα.
310 5202 339 5259 τό
357 5200 407 5282 γ’διρ
427 5204 506 5281 άκρον
521 5207 566 5273 τῆς
577 5203 648 5260 λίθου
663 5203 737 5282 μέρος
750 5205 784 5269 είς
797 5208 872 5262 τοῦτο
883 5224 928 5258 πε·

281 5307 443 5352 tlenroounus.
581 5286 584 5290 λ

987 583 1043 630 orrea
1065 571 1142 619 rarius
1161 564 1335 623 consolationes
1351 576 1491 627 adhibentes
1510 584 1534 626 el
1550 579 1714 642 obsecrantes,
1729 586 1768 632 rix

986 666 1018 716 illi
1034 672 1061 717 ut
1083 681 1129 717 una
1146 668 1191 718 iret
1206 676 1369 732 persuaserant
1389 689 1395 721 ι
1417 676 1442 722 et
1462 675 1526 723 lrauil
1547 677 1598 726 scio
1617 691 1648 727 an
1664 693 1770 742 unqrram

985 761 1030 811 sibi
1048 763 1183 825 persuaderi
1205 779 1273 827 passa
1288 768 1385 830 luisset,
1400 771 1444 819 nisi
1463 776 1581 834 praetextu
1598 776 1708 825 sacrificii
1727 779 1771 827 de-

917 911 925 931 t
986 858 1050 919 longi
1072 860 1182 920 precibus
1202 874 1245 923 pro
1268 862 1393 925 'theagene
1414 868 1547 929 cogitasset.
1588 871 1717 931 Postquam
1739 873 1771 922 art

984 955 1101 1015 templum
1121 958 1233 1006 llereuril
1248 963 1421 1020 pervenerunt,
1444 962 1520 1021 (luris
1540 965 1604 1013 eninr
1625 965 1769 1016 saerllrclom

985 1049 1087 1099 iaciebat
1098 1054 1227 1111 Nausieler,
1238 1056 1353 1116 tanquam
1364 1058 1450 1108 lorensi
1459 1062 1483 1107 et
1493 1063 1653 1110 mercatorum
1662 1065 1769 1125 prasidi,

984 1157 1034 1205 prae
1048 1148 1134 1194 celeris
1148 1147 1194 1195 diis
1205 1149 1283 1210 ipsum
1298 1151 1398 1209 colens)
1410 1157 1434 1200 et
1450 1154 1595 1203 saerillcium
1610 1156 1692 1218 tiebat,
1703 1161 1771 1221 parri·

984 1240 1059 1289 lulum
1080 1244 1136 1291 exta
1158 1244 1268 1292 calaslris
1287 1248 1463 1309 contemplatus
1483 1254 1508 1298 et
1528 1252 1622 1300 uarium
1643 1253 1769 1315 significari

984 1348 1063 1384 rerum
1086 1337 1222 1385 tulnrarum
1243 1343 1373 1399 eventum,
1392 1341 1553 1402 jucundarum
1578 1347 1666 1408 pariter
1684 1362 1712 1397 ae
1727 1350 1769 1398 tri·
1815 1368 1818 1379 ·

982 1430 1064 1487 stium,
1080 1432 1254 1481 mutationibus
1269 1434 1352 1482 rrrltus
1363 1435 1497 1494 electarum,
1512 1437 1590 1497 injicit
1602 1453 1687 1489 mansu
1699 1443 1768 1491 alleri

983 1523 1062 1572 adlruc
1078 1524 1186 1586 llagranti
1203 1529 1227 1575 et
1241 1530 1357 1591 tanquam
1372 1543 1385 1577 e
1403 1544 1461 1591 pyra
1485 1532 1629 1582 exinanisset
1651 1548 1696 1593 ea,
1713 1548 1769 1597 qrrar

980 1616 1124 1679 jamprlrlem
1146 1620 1194 1680 ipse
1211 1621 1314 1681 terebat,
1332 1625 1383 1671 lloc
1398 1622 1453 1682 tibi,
1468 1624 1560 1685 inspuit,
1583 1629 1685 1688 pretium
1706 1630 1769 1677 reili-

983 1711 1077 1759 menore
1093 1711 1272 1773 Clraricleae,u
1291 1715 1427 1776 Nausicles,
1445 1717 1476 1764 dii
1492 1732 1536 1780 per
1548 1733 1591 1769 nos
1606 1720 1728 1773 atterunt:
1745 1727 1770 1771 ct

982 1808 1053 1857 simul
1064 1809 1174 1860 tradebat
1188 1812 1304 1861 annulum
1320 1813 1451 1875 quemdam
1464 1816 1565 1876 regium,
1581 1817 1695 1868 eximiam
1719 1836 1769 1870 rem

982 1899 1005 1946 et
1014 1896 1130 1957 divinam,
1140 1899 1206 1962 quod
1215 1901 1245 1950 ad
1258 1903 1375 1953 circulum
1387 1905 1472 1954 attinet
1483 1919 1514 1956 ex
1523 1908 1613 1958 electra
1622 1911 1768 1970 conlectum,

982 1992 1089 2040 οειοτυσι
1111 1991 1135 2040 iu
1148 1994 1201 2055 pata
1219 1995 1354 2058 amethysto
1368 1998 1504 2061 AEtlriopica
1521 2000 1684 2066 relucentem,
1704 2008 1770 2056 lauta

982 2084 1155 2145 magnitudine,
1165 2090 1281 2147 quantam
1291 2090 1376 2138 oculus
1388 2092 1509 2153 virginalia
1520 2094 1704 2157 circumscribit,
1718 2103 1769 2160 pol-

982 2176 1118 2227 clrrilurline
1126 2181 1208 2229 autem
1217 2181 1287 2242 longe
1294 2183 1413 2232 lberieum
1423 2186 1447 2233 et
1458 2186 1622 2236 Britannicum
1631 2194 1768 2252 superante.

983 2276 1040 2328 llaec
1054 2281 1118 2329 enirn
1132 2281 1203 2331 inerti
1214 2285 1238 2332 et
1254 2283 1293 2331 cul
1308 2284 1388 2333 nullus
1400 2286 1467 2336 adest
1480 2288 1593 2349 splendor
1610 2289 1667 2337 llere
1680 2292 1766 2349 rrrlret,

981 2380 1113 2442 similisque
1126 2383 1162 2430 est
1177 2395 1238 2430 rosae
1251 2396 1306 2445 qrrn
1321 2386 1425 2445 primurn
1440 2398 1470 2433 ex
1485 2385 1565 2434 baccis
1581 2388 1604 2435 in
1622 2389 1676 2437 lolia
1698 2389 1768 2440 uolt-

982 2486 1022 2531 tur
1039 2486 1064 2532 et
1080 2489 1130 2533 lum
1152 2486 1224 2534 radiis
1245 2486 1300 2535 solia
1315 2488 1449 2545 erabescere,
1460 2489 1543 2551 incipit
1557 2506 1562 2537 :
1578 2493 1603 2539 at
1617 2493 1768 2555 amethystus

982 2582 1116 2644 AEllriopica
1130 2584 1199 2633 ratde
1215 2586 1239 2632 et
1256 2599 1285 2633 εκ
1302 2586 1420 2645 protunda
1435 2587 1525 2637 rutilat.
1559 2590 1664 2645 Quodsi
1683 2590 1768 2642 lenens

981 2679 1046 2729 illam
1059 2680 1245 2742 circumrorans,
1261 2682 1354 2732 radium
1370 2685 1463 2747 proiicit
1481 2699 1597 2746 mireum,
1612 2701 1660 2737 nou
1679 2690 1767 2739 obsur-

982 2780 1075 2828 rautern
1089 2782 1217 2841 asperitate
1236 2782 1330 2842 risum,
1347 2782 1388 2831 seu
1402 2787 1477 2844 gratia
1495 2786 1520 2833 et
1536 2786 1641 2846 puritate
1651 2788 1766 2851 singilio

981 2878 1148 2930 illustrantem.
1183 2882 1255 2942 Atqui
1267 2884 1292 2930 et
1303 2882 1339 2930 rio
1350 2882 1393 2944 ipsi
1407 2882 1468 2931 inest
1480 2884 1584 2944 genuina
1596 2897 1647 2946 prae
1656 2886 1767 2936 ueuiden-

981 2980 1077 3030 aluus.
1110 2983 1194 3043 Νοηαε
1217 2982 1282 3030 enirn
1298 2982 1358 3031 tatae
1376 2983 1421 3031 sibi
1443 2984 1550 3035 vindieat
1568 2987 1766 3048 appellationem,

980 3080 1021 3130 aed
1035 3094 1090 3131 rere
1102 3084 1167 3131 areat
1176 3082 1317 3133 ebrietatem
1326 3084 1357 3133 m
1368 3097 1406 3141 eo,
1419 3098 1469 3145 quo
1481 3086 1565 3145 terlur,
1579 3087 1685 3138 sobrium
1695 3090 1765 3140 illum

980 3180 1005 3228 iu
1015 3180 1132 3230 conviviis
1143 3182 1253 3231 retinens

1012 3283 1075 3330 lllv.
1094 3285 1172 3342 arque
1183 3281 1299 3342 eiusmodi
1310 3284 1407 3345 quidem
1416 3290 1450 3334 est
1460 3286 1539 3335 omnis
1548 3288 1627 3335 lndtra
1636 3290 1661 3337 et
1673 3290 1765 3339 AEllrto·

981 3368 1034 3429 pica
1050 3369 1215 3431 amethystus:
1234 3371 1340 3420 ceterum
1362 3373 1417 3431 illa,
1435 3387 1507 3436 qoam
1531 3375 1635 3425 llausicll
1650 3376 1766 3428 otterelrat

980 3457 1104 3518 calasirls,
1119 3457 1190 3520 louge
1211 3458 1248 3507 rel
1263 3458 1306 3508 lias
1319 3460 1456 3522 superabat.
1491 3463 1588 3513 Pictura
1601 3464 1666 3514 enirn
1689 3465 1767 3517 tuerat

980 3548 1095 3595 exornata
1117 3548 1142 3595 et
1165 3546 1194 3595 ad
1220 3546 1378 3597 imitationem
1402 3549 1542 3600 animalium
1566 3553 1699 3616 exsculpta.
1733 3560 1766 3605 Αο

980 3632 1073 3694 pletura
1085 3632 1183 3695 quidem
1192 3634 1246 3684 tatis
1256 3641 1317 3684 erat.
1350 3638 1412 3686 Puer
1423 3638 1535 3700 pascebat
1544 3654 1615 3702 ores,
1628 3654 1674 3690 non
1684 3642 1766 3691 admo·

979 3721 1038 3770 dum
1050 3721 1122 3771 culta
1142 3722 1196 3785 rupi
1217 3723 1426 3787 circumspiciendi
1445 3739 1516 3775 eausa
1533 3730 1648 3789 tanquam
1662 3731 1766 3790 specular

979 3809 1102 3871 insistens,
1118 3824 1206 3873 pascua
1219 3815 1284 3874 gregi
1297 3814 1395 3875 obliqua
1410 3814 1468 3863 tibia
1479 3813 1624 3864 distribuens
1642 3833 1647 3862 ι
1661 3815 1708 3863 lllre
1719 3829 1764 3863 ao·

978 3900 1027 3947 tem
1040 3911 1123 3960 parere
1136 3899 1280 3949 ridebantur
1292 3904 1317 3949 et
1330 3900 1360 3950 ad
1372 3903 1467 3961 signum
1479 3914 1507 3949 ac
1519 3904 1665 3962 praesentum
1678 3901 1764 3950 dstulrn

978 3992 1002 4039 in
1026 3993 1134 4054 pastione
1155 4006 1317 4054 perseverare.
1351 3994 1455 4041 Dixisset
1475 3993 1608 4054 quispiam,
1628 4005 1668 4040 eas
1691 3995 1763 4043 etiam

978 4098 1050 4134 aurea
1071 4085 1160 4134 vellera
1179 4086 1280 4146 trabere,
1303 4098 1350 4134 uon
1372 4089 1423 4134 arte
1445 4084 1467 4133 id
1485 4085 1568 4145 gratiae
1582 4085 1701 4146 addente,
1721 4087 1763 4135 sed

977 4179 1113 4239 amethysto
1130 4181 1226 4239 proprio
1243 4177 1330 4226 rubore
1342 4178 1366 4225 in
1379 4178 1451 4238 tergis
1463 4177 1558 4226 illarum
1574 4177 1694 4227 rutilante.
1716 4181 1762 4227 De·

978 4271 1034 4331 picti
1048 4273 1117 4320 eraut
1128 4272 1153 4319 et
1170 4272 1223 4332 agni
1237 4271 1388 4319 lascivientes
1406 4272 1430 4320 et
1444 4269 1542 4330 quidam
1555 4271 1669 4332 gregatim
1690 4284 1762 4321 cursu

978 4367 1069 4425 petram
1082 4362 1282 4423 conscendentes,
1296 4363 1394 4425 quidam
1409 4362 1472 4410 eirca
1485 4365 1604 4424 pastorem
1617 4364 1764 4425 petulantius

977 4469 1028 4505 sese
1039 4457 1063 4505 iu
1083 4457 1166 4506 orbern
1179 4458 1358 4519 intorquentes,
1379 4456 1496 4518 pastorale
1516 4457 1638 4506 theatrum
1652 4459 1762 4521 praecipi·

977 4550 1037 4599 tium
1052 4552 1253 4612 repraesentabant
1263 4567 1270 4610 ς
1282 4551 1322 4599 alii
1340 4563 1397 4598 vcro
1413 4550 1436 4597 in
1450 4549 1546 4600 llamma
1565 4550 1694 4613 amellrysti
1707 4554 1761 4601 lau·

976 4657 1049 4706 quam
1070 4646 1094 4693 iu
1118 4644 1169 4693 sole
1191 4644 1354 4703 bactriantes,
1377 4640 1520 4691 salientibus
1544 4642 1636 4693 slmiles
1661 4644 1764 4693 saltibus

976 4740 1110 4788 extremam
1130 4738 1225 4798 ungulae
1246 4739 1338 4799 partem
1354 4742 1428 4796 pctrre
1445 4735 1615 4785 inscribebant.
1649 4738 1761 4787 lluunulti

976 4834 1057 4881 autem
1072 4846 1103 4880 εκ
1123 4832 1179 4893 ipsis
1197 4844 1279 4881 recens
1299 4830 1350 4878 nati
1368 4832 1392 4877 el
1412 4829 1539 4879 ferociores
1553 4830 1625 4879 eliam
1644 4833 1763 4883 transilire

977 4926 1038 4975 relle
1059 4925 1179 4973 circulum
1201 4923 1354 4982 ridebantur,
1375 4924 1483 4972 celerum
1503 4923 1535 4971 atr
1550 4930 1602 4973 arte
1624 4925 1761 4985 prulrilreri,

976 5032 1074 5069 auream
1084 5020 1161 5081 palam
1172 5018 1219 5066 illis
1230 5020 1255 5065 et
1268 5017 1330 5078 rupi,
1343 5019 1459 5078 ίειιηιιαιιι
1471 5020 1576 5079 septum,
1588 5020 1761 5070 circumdante.

977 5117 1033 5163 Erat
1054 5116 1135 5162 auleru
1157 5125 1229 5173 rupes
1251 5124 1333 5160 revera
1353 5113 1377 5159 rt
1402 5124 1448 5159 oon
1471 5111 1580 5161 imitatio.
1614 5116 1676 5163 cum
1697 5113 1763 5163 errius

975 5210 1107 5256 extremam
1127 5209 1218 5269 partem
1238 5205 1322 5267 lapillis
1338 5205 1368 5253 ad
1384 5204 1429 5254 Ιιοτ·
1449 5206 1526 5267 ipsum
1539 5207 1762 5268 circumscripsisset

1616 5310 1642 5345 eo
