3932 5946
808 440 918 498 LIBER
941 440 993 498 vi.
1647 447 1702 499 ata

78 573 131 631 καὶ
148 571 232 643 λύπης
246 568 382 650 προσύολῇ
402 568 464 647 πρὸς
485 566 662 647 ύπνούβαθθν
682 569 870 642 ὀλισθήσασαν.
897 577 1045 626 -nretiorem
1062 589 1172 624 somnum
1187 576 1315 638 delapsam.
1348 580 1413 627 cum
1427 578 1496 639 i0itur
1506 576 1642 639 paullulum
1652 578 1703 626 eoi·

79 658 286 739 Ἐπιδακρύσας
300 647 345 715 σύν
364 656 438 733 ὀλίγα
453 657 575 733 καὶπρὸς
593 656 626 714 τὰ
643 657 762 734 βελτίονα
780 660 875 735 τρέψαι
899 652 902 705 ί
919 666 1074 723 lacrimaaaet,
1090 666 1114 713 et
1128 678 1143 712 a
1155 665 1214 723 deo,
1231 665 1322 725 atejus
1334 666 1439 714 rationes
1451 665 1572 713 inmetiua
1585 668 1703 724 verteret,

78 747 117 805 τθι
140 746 201 805 κατ’
215 744 297 815 αὐτὴν
318 744 452 809 ἱκετεύσας
465 742 510 799 τὸν
533 742 599 817 θεὸν,
613 748 702 823 ἡσυχῇ
719 745 741 802 τ’
762 744 874 823 ἀρυπνί·
918 752 1143 814 ιυρμΙενροίίἰεειῑ,
1155 754 1329 814 paullatimqno
1341 754 1416 815 ipaam
1428 753 1555 801 excitasset
1566 752 1596 801 de
1609 765 1703 813 somno,

80 858 150 904 σας,
164 825 225 910 ἦγεν
241 835 277 898 τίς
290 830 337 901 rip
352 830 511 908 καταγωγὴν
523 824 681 910 ἐρυθριῶσαν
696 835 731 899 ὡς
745 832 874 911 ἐφαίνετο,
918 840 1023 888 drreebat
1046 839 1077 888 ad
1095 841 1209 889 conciano
1226 841 1420 899 erubescentem,
1443 844 1470 888 nt
1489 839 1623 900 videbatur,
1638 839 1704 902 quod

48 946 63 981 a
80 924 154 981 διότι
166 922 240 979 λάθοι
253 920 317 999 πρὸς
329 924 375 977 τοῦ
389 917 471 977 θπνου
484 918 679 997 κεκρατημένη.
724 919 809 990 Καλὴ
827 919 874 995 μίν
918 930 980 976 asaei
995 940 1010 975 a
1025 941 1110 976 aomno
1131 929 1196 976 vieta
1217 928 1363 989 imprudens.
1379 962 1383 969 .
1398 932 1455 978 itae
1473 928 1545 989 igitur
1562 941 1617 975 enm
1636 940 1661 976 se
1680 928 1705 975 in

79 1012 121 1075 εἰς
135 1008 185 1078 rin
198 1010 378 1086 γυναικωνῖτιν
393 1012 569 1085 χωρισθεῖσα,
585 1005 630 1063 σύν
645 1010 682 1086 τῷ
701 1004 830 1085 θυγατρίῳ
846 1028 874 1063 τε
918 1027 1031 1083 apameae
1043 1026 1152 1062 aeoraum
1164 1026 1220 1060 curu
1236 1012 1285 1060 titia
1298 1013 1416 1061 uenerem
1428 1012 1458 1060 ad
1474 1025 1586 1061 eomnnm
1604 1027 1703 1074 compo-

79 1102 130 1153 τοῦ
154 1094 333 1159 Ναυσικλέους
350 1096 551 1165 κατακλινεῖσα,
566 1092 612 1160 τδις
625 1093 758 1173 παρούσας
770 1095 873 1171 ἀγρυπ-
918 1101 1019 1160 arriaaet,
1031 1100 1150 1161 vigilando
1164 1100 1264 1149 racabat
1275 1101 1340 1150 euris
1352 1106 1376 1149 et
1388 1100 1589 1165 cogitationibus,
1603 1114 1658 1162 quae
1671 1100 1704 1148 iiii

79 1185 127 1261 νία
145 1184 268 1241 διετίθετο
281 1180 424 1261 φροντίδας,
920 1188 1099 1238 incumbebant.

395 1380 555 1402 ...ουσι-
1227 1375 1391 1399 “tuo—-

324 1529 461 1635 ΛΟΓΟΣ
487 1529 642 1595 ΕΚΤΟΣ.
1148 1526 1281 1591 LIBER
1307 1526 1487 1594 SEXTUS.

127 1699 174 1761 θ’.
197 1696 232 1758 ‘0
249 1697 275 1756 δί
296 1697 442 1779 Καλάσιρις
463 1695 538 1755 καλθ
560 1697 684 1772 Κνίμων,
701 1696 770 1755 κατά
785 1719 809 1754 τι
829 1700 876 1754 τοῦ
953 1706 971 1751 i.
989 1703 1102 1752 calasiris
1121 1705 1202 1751 antem
1220 1706 1245 1751 et
1262 1705 1388 1761 cnamon,
1403 1717 1458 1750 rum
1478 1703 1502 1751 in
1518 1703 1622 1765 aquodam
1639 1708 1706 1767 parte

39 1806 65 1844 tu
81 1791 219 1869 ἀνδρῶνος
233 1786 327 1852 αθτοθς
343 1785 554 1856 ἀναπαύσαντες,
570 1783 658 1855 ἐπειδὴ
670 1785 701 1844 τὸ
722 1785 876 1861 λειπόμενον
920 1789 1040 1839 cunctaris
1063 1790 1139 1839 uiritia
1160 1790 1319 1850 quievissent,
1344 1794 1470 1852 postquam
1493 1791 1612 1854 reiiqnum
1631 1794 1708 1842 noctia

81 1882 134 1947 τῆς
149 1873 255 1950 νυκτὸς,
270 1874 375 1954 βράδιον
386 1874 434 1948 μέν
449 1875 466 1944 ἢ
478 1872 617 1932 ίύούλοντο
627 1877 721 1931 θᾶττον
731 1874 754 1929 δ’
768 1872 784 1942 ἢ
796 1872 877 1950 ᾤοντο
921 1878 1013 1927 tardius
1024 1876 1122 1938 qnidam
1138 1890 1211 1937 quma
1227 1877 1348 1935 retebant,
1360 1878 1461 1926 ceterius
1472 1881 1554 1927 autem
1568 1893 1642 1941 qnam
1653 1881 1706 1929 eni·

82 1964 239 2043 διέδραμεν,
255 1953 297 2020 σία
310 1961 342 2033 δί,
356 1962 429 2041 παρά
443 1984 472 2019 τε
488 1959 535 2032 τὴν
547 1960 660 2039 εὐωχίαν
674 1961 719 2019 καί
732 1961 762 2018 τὸ
774 1961 877 2039 άπράσ-
921 1965 1064 2024 atimabant,
1084 1964 1191 2025 etapium
1212 1967 1261 2024 eat,
1278 1964 1343 2026 qnod
1362 1965 1425 2013 ittiua
1444 1967 1551 2016 maxima
1567 1981 1622 2030 para
1635 1982 1708 2031 anper

83 2074 164 2129 κορις
187 2052 270 2127 μῆκος
282 2052 333 2108 τῶν
353 2048 522 2125 διηγημάτων
537 2052 583 2119 τῆς
603 2047 726 2117 πλείστης
746 2071 876 2127 παρωχη-
921 2053 1058 2101 convitium
1077 2054 1101 2100 et
1112 2051 1276 2100 narrationum
1293 2050 1468 2113 prolixitatem,
1483 2054 1609 2104 inantiabiti
1623 2055 1707 2104 eondi-

83 2138 183 2211 κυίας,
195 2136 248 2194 οὐδ’
262 2134 376 2215 ιἰκριθῶς
382 2135 483 2215 ἡμέραν
496 2135 693 2209 ἀναμείναντες,
702 2135 746 2194 τὸν
755 2138 790 2201 ὡς
804 2138 877 2196 Nau·
921 2143 971 2188 tam
985 2138 1116 2200 enaritate,
1130 2140 1294 2200 praeterierat,
1312 2150 1391 2200 neque
1406 2142 1521 2189 exactum
1532 2141 1598 2190 diem
1607 2154 1707 2203 exspec-

42 2250 68 2287 rn
85 2225 184 2287 σικλία
197 2224 403 2302 παραγίγνονται
422 2221 468 2281 καί
481 2222 586 2304 φράζειν
601 2219 666 2281 ὅπου
679 2222 723 2282 τδν
741 2222 878 2298 Θεαγένην
922 2230 1011 2285 tautae,
1021 2225 1051 2274 ad
1062 2225 1198 2274 Nauaieiem
1209 2226 1317 2285 veniunt,
1329 2229 1353 2275 et
1366 2229 1393 2275 ut
1402 2231 1532 2288 exponeret
1545 2227 1585 2275 ubi
1599 2228 1706 2289 Timage-

88 2314 192 2390 διάγειν
208 2309 287 2369 σίοιτο
300 2310 345 2368 καί
361 2309 432 2388 άγιιν
450 2312 485 2374 ὡς
499 2308 538 2367 ὅτι
561 2309 675 2388 τάχιστα
699 2310 875 2388 παρεκάλουν.
922 2327 977 2362 nem
989 2312 1074 2374 degere
1088 2312 1255 2371 arbitraretur,
1265 2313 1338 2373 atque
1354 2326 1384 2361 eo
1400 2313 1580 2375 quamprimum
1593 2312 1707 2371 duceret,

85 2402 125 2459 ‘0
141 2401 164 2457 δ’
180 2398 295 2456 ἐπείθετο
308 2397 354 2455 καλ
368 2395 508 2455 drebodio
522 2388 594 2474 ἦγεν.
638 2396 673 2458 ‘ii
689 2397 835 2477 Χαρίκλεια
850 2398 877 2456 θλ
921 2401 1029 2450 arabant.
1062 2403 1141 2463 arque
1154 2399 1465 2461 nicqnidemitiisrnorern
1480 2400 1576 2462 gerebat
1589 2403 1708 2451 etsecum

87 2485 180 2547 πολλὰ
208 2483 364 2544 συνέπεσθαι
389 2483 557 2558 ἱκετεύουσα,
584 2484 670 2561 μένειν
695 2484 764 2544 κατὰ
789 2483 877 2566 χώραν
921 2490 1030 2550 sumptae
1045 2487 1158 2536 ducebat.
1191 2486 1388 2536 cbariatearero
1405 2500 1461 2536 cum
1477 2487 1561 2535 mattis
1574 2487 1664 2543 modia,
1680 2490 1708 2537 nt

89 2570 215 2643 ἐίιάσθη,
227 2574 262 2640 ὡς
276 2570 334 2631 οὔτε
349 2569 439 2652 πόρρω
452 2594 503 2630 που
519 2571 651 2653 ἆρίξονται
666 2571 711 2630 καὶ
725 2571 819 2630 αὐτίκα
832 2569 877 2629 aba
922 2578 1072 2638 aequerebrr,
1086 2575 1177 2636 oraret,
1191 2587 1288 2623 manere
1302 2576 1386 2623 macta
1398 2576 1449 2636 eat;
1461 2574 1581 2635 Nauaide,
1592 2574 1657 2637 quod
1667 2588 1708 2624 nu·

43 2682 72 2718 an
88 2663 129 2738 τῷ
149 2657 277 2736 Θεαγένει
299 2658 390 2730 ἥξουσι
413 2659 603 2736 διεγγυωμίνου
624 2663 671 2716 τοῦ
692 2657 878 2723 Ναυσικλέους.
922 2677 969 2727 que
984 2663 1156 2726 proautesaent
1169 2661 1316 2724 progreasuri
1329 2664 1354 2712 et
1367 2662 1545 2724 quamprimum
1560 2675 1617 2711 enm
1629 2664 1708 2720 Thea:

90 2747 149 2805 Καὶ
170 2747 217 2817 την
232 2746 279 2823 μίν
301 2748 379 2806 αὐτοῦ
402 2746 609 2821 καταλείπουσι,
631 2746 718 2818 λύπης
737 2750 761 2804 τ’
777 2746 820 2805 ἐπὶ
841 2748 879 2825 τῷ
922 2764 981 2811 qaae
1003 2749 1116 2810 redituri,
1141 2750 1287 2799 affirmante.
1320 2753 1390 2800 Hane
1407 2750 1479 2810 igitur
1499 2749 1531 2799 ibi
1553 2750 1709 2811 relinquunt,

89 2837 222 2914 χωρισμῷ
236 2832 280 2891 καί
291 2842 376 2912 χαρᾶς
386 2831 429 2890 tari
440 2836 494 2899 τοῖς
505 2831 680 2907 ἐλπιζομένοις
690 2833 716 2889 ἓν
729 2832 879 2913 μεταιχμίῳ
924 2839 986 2886 inter
1001 2850 1145 2895 maerorem,
1160 2839 1257 2899 propter
1274 2836 1371 2886 itiorum
1384 2836 1529 2898 discessum,
1548 2839 1574 2887 et
1586 2837 1709 2899 laetitiam,

90 2919 267 2980 σαλεύουσαν.
310 2920 391 2980 Abroi
404 2921 426 2977 δ’
439 2919 499 2995 άρτι
513 2924 560 2990 τῆς
573 2919 664 2998 κώμης
683 2919 756 2986 ἐκτὸς
771 2918 879 2998 γιγονό-
924 2929 1074 2988 ιιιομιοιαι,
1094 2937 1151 2987 quea
1164 2924 1290 2987 operabat,
1310 2924 1475 2973 ituatuantem.
1509 2925 1558 2987 lpai
1579 2937 1636 2975 raro
1651 2938 1707 2974 eom

90 3031 135 3075 τες
151 3008 196 3066 καί
209 3008 257 3075 τδς
268 3007 348 3087 ὄχθας
360 3012 406 3066 τοῦ
421 3009 516 3069 Νείλου
537 3006 763 3087 παραμείθοντες,
783 3007 879 3085 κροκά-
924 3012 1210 3075 primnmepagaeqraaai
1222 3014 1301 3061 aaaeut
1310 3014 1335 3061 at
1345 3013 1408 3074 ripaa
1417 3011 1464 3062 tt'iii
1475 3013 1635 3074 praeterirent,
1654 3026 1709 3060 cro·

1 3089 2 3106 ¹
47 3116 76 3153 aa
91 3097 179 3155 δειλον
193 3098 287 3175 θρίιίσιν
302 3095 355 3155 ἀπὸ
368 3099 420 3154 τῶν
432 3094 521 3164 δεξιῶν
538 3096 581 3154 aa
595 3095 692 3174 θάτερα
709 3094 878 3173 διεριτύζυντα
924 3101 1030 3150 anditum
1042 3101 1204 3163 aooapieinot,
1217 3101 1258 3161 qui
1272 3113 1287 3148 a
1301 3100 1386 3149 deutra
1398 3102 1466 3162 parte
1477 3100 1503 3149 iu
1515 3100 1615 3149 atteram
1629 3104 1708 3163 repta·

93 3183 140 3243 καὶ
152 3186 189 3262 τῷ
205 3183 297 3264 ῥείθρῳ
308 3189 354 3242 τοῦ
370 3189 491 3259 ποταμοῦ
509 3183 682 3263 σθνθξείατῇ
707 3182 777 3263 ῥύμη
794 3206 879 3242 κατα·
924 3190 966 3240 bat
977 3192 1002 3238 et
1014 3188 1111 3238 atreum
1124 3187 1191 3236 tiurii
1200 3188 1320 3237 muaitato
1331 3188 1422 3250 impetu
1432 3187 1537 3238 subibat.
1568 3187 1709 3252 adimitur,

93 3270 229 3347 δυόμενον.
271 3274 306 3332 Οἱ
321 3271 368 3349 μίν
382 3272 413 3343 δὴ
429 3272 505 3331 ἄλλοι
519 3271 634 3342 συνήθεις
645 3294 673 3329 τι
688 3271 734 3329 καὶ
748 3269 881 3351 ιἰθορύθως
924 3279 964 3327 iiio
977 3276 1085 3336 riao,ut
1106 3277 1223 3325 marineio
1236 3276 1335 3324 minima
1354 3275 1528 3336 mambirniam
1549 3281 1710 3339 praeterquam

94 3359 125 3417 τὸ
136 3356 213 3439 δοθέν
225 3349 302 3437 ἦγον·
316 3358 385 3430 πλὴν
400 3358 460 3419 ὅσον
474 3363 488 3418 θ
503 3359 649 3438 Καλάσιρις
663 3357 773 3434 κιίιλυμά
789 3381 814 3415 τι
828 3362 880 3416 τῶν
924 3364 989 3427 quod
1002 3364 1114 3413 Caiasiria
1127 3362 1325 3425 impedimentum
1338 3362 1459 3424 quoddam
1469 3364 1492 3412 in
1506 3362 1591 3412 itinera
1601 3365 1711 3413 futurum

93 3445 154 3505 καθ’
168 3445 227 3504 ὁδὸν
241 3447 458 3523 ἐπισημαίνεσθαι
473 3445 626 3525 προῦλιγεν·
640 3444 692 3504 θδί
708 3445 824 3520 Κνήμων
835 3444 880 3503 καί
924 3452 1052 3514 significari
1064 3450 1209 3514 praedicebat
1226 3465 1232 3499 :
1251 3452 1359 3499 Cnemon
1377 3456 1458 3499 autem
1472 3450 1626 3500 adtenuatas
1638 3452 1712 3501 etiam

49 3557 80 3597 au
94 3532 196 3613 σφόδρα
212 3536 327 3593 inretire
340 3533 406 3613 πρὸς
417 3533 464 3603 τὴν
476 3533 545 3613 ὄψιν,
557 3535 612 3592 οὐδ’
627 3532 741 3613 ἀκριύῶς
753 3535 824 3614 αύτῷ
836 3539 880 3593 τοῦ
926 3542 1031 3603 ingerat,
1053 3541 1182 3601 conspeetu
1203 3538 1358 3602 perterritae,
1377 3538 1489 3600 quamvia
1507 3551 1556 3588 non
1575 3542 1659 3589 exacte
1677 3540 1711 3590 itii

95 3622 164 3703 ζῴου
180 3621 300 3697 φανέντος
315 3620 383 3681 ἀλλὰ
395 3629 470 3687 σκιᾶς
482 3620 559 3679 αθτθν
572 3620 651 3680 πλέον
663 3624 804 3700 χθαμαλῆς
815 3625 880 3680 ὑπο·
925 3630 1012 3679 animai
1024 3628 1186 3692 apparuisset,
1198 3629 1240 3679 aed
1255 3630 1341 3678 umbra
1352 3630 1431 3692 potina
1449 3629 1528 3679 tenuia
1539 3630 1607 3679 ittam
1623 3630 1710 3679 aubiia-

95 3708 260 3788 δραμούσης·
275 3708 320 3768 καί
343 3710 428 3785 ὀλίγον
448 3707 500 3768 ἔδει
523 3709 569 3765 καί
589 3708 755 3788 θπορεύγειν.
797 3707 831 3769 ‘0
850 3707 882 3779 δὴ
925 3720 975 3775 aet,
992 3714 1052 3764 adeo
1073 3718 1101 3763 at
1121 3727 1207 3776 parum
1227 3713 1335 3775 abeasat,
1356 3715 1415 3778 quin
1438 3717 1565 3779 refugeret.
1599 3717 1712 3766 caiaairia

97 3796 255 3876 Καλάσιρις,
267 3795 326 3855 ὅσον
337 3797 459 3867 πλεῖστον
471 3800 516 3853 τοῦ
527 3795 705 3861 Ναυσικλέους
716 3797 882 3873 ἐκγελῶντος,
926 3804 1007 3864 igitur,
1021 3803 1132 3853 Nanaiete
1148 3803 1173 3852 io
1187 3804 1262 3851 tuum
1276 3804 1366 3863 etiosa,
1387 3807 1510 3863 (ineman,
1525 3805 1619 3866 inquit,
1640 3806 1711 3865 puta·

94 3874 138 3943 ’Ὦ
154 3883 281 3956 Κνήμων,
298 3882 364 3964 ἔφη,
379 3881 431 3959 ἐγὼ
442 3885 465 3941 δ’
476 3881 552 3964 ᾤμην
564 3881 665 3963 νύκτωρ
679 3906 720 3941 σοι
737 3885 813 3958 μόνον
834 3884 882 3955 τὴν
926 3892 1035 3953 bernego
1045 3894 1220 3941 tenoctnmam
1235 3893 1330 3940 tanturn
1341 3892 1495 3941 timiditatem
1507 3892 1712 3953 interioremque

51 3996 80 4034 aa
97 3970 197 4030 δειλίαν
210 3972 325 4049 ἐνοχλεῖν
337 3970 382 4028 καλ
395 3970 459 4049 πρὸς
470 3976 514 4028 τοῦ
529 3968 634 4035 σκότους
655 3992 695 4028 σοι
715 3969 745 4027 τὸ
761 3970 883 4050 ψοφοδεὲς
927 3992 979 4027 eam
992 3980 1035 4028 tibi
1049 3993 1081 4027 εκ
1094 3980 1194 4041 strepitu
1206 3978 1292 4040 quonia
1310 3979 1333 4026 in
1347 3978 1450 4027 tenebris
1469 3977 1594 4027 accidere:
1612 3981 1639 4025 tu
1655 3991 1712 4026 rara

97 4058 293 4136 ἐπιγίγνεσθαι,
308 4058 339 4116 σθ
352 4059 375 4116 δ’
388 4058 439 4132 ἀρα
452 4058 497 4115 καί
514 4056 664 4135 μιθημέραν
683 4048 750 4127 ἦσθα
765 4059 834 4130 λίαν,
848 4061 883 4123 ὡς
926 4070 951 4115 at
970 4065 1077 4115 interdiu
1090 4065 1194 4114 nimium
1206 4077 1245 4123 ea,
1259 4066 1286 4112 ut
1300 4064 1404 4122 videtur,
1418 4066 1552 4121 animosus,
1567 4066 1591 4113 et
1608 4076 1655 4112 non
1666 4076 1711 4111 no·

96 4146 181 4219 ίοικι,
203 4144 347 4225 τολμηρός·
368 4146 414 4203 καί
434 4146 480 4203 αιίκ
496 4144 613 4220 ὀνόματά
631 4167 672 4203 σοι
690 4145 768 4222 μόνον
786 4146 882 4204 ἀκουό·
928 4154 992 4203 mina
1007 4155 1100 4201 tantum
1112 4152 1239 4212 exarrdita,
1251 4150 1293 4199 aad
1304 4150 1352 4212 jam
1369 4152 1442 4200 etiam
1453 4150 1590 4212 spectacula
1604 4149 1713 4212 vulparia

96 4255 182 4309 μενα,
195 4233 246 4304 ἤδη
264 4230 291 4290 δὲ
306 4231 350 4290 καί
364 4232 485 4306 θεάματα
499 4234 551 4289 τῶν
573 4233 600 4289 έν
616 4230 679 4289 ποσί
693 4230 738 4289 καί
755 4232 819 4288 ἀδεᾶ
832 4230 883 4288 τά·
928 4243 952 4289 et
965 4240 1041 4287 cnivis
1052 4239 1124 4287 obuia
1140 4251 1169 4287 aa
1183 4238 1281 4286 minime
1296 4239 1438 4297 metuenda,
1453 4237 1497 4287 tibi
1509 4239 1625 4287 terrorem
1641 4238 1711 4286 inan·

97 4327 181 4397 pay'm
195 4319 332 4396 ἐμθάλλει.
377 4316 431 4379 Καὶ
446 4317 515 4385 τίνος
529 4321 603 4390 θεῶν,
619 4317 668 4398 ίρη
685 4320 882 4394 θΝαυσικλῆς,
928 4328 999 4376 tiunt.
1033 4325 1110 4386 cujua
1127 4328 1209 4374 autem
1225 4324 1278 4383 dei,
1297 4324 1418 4374 damiatae
1436 4323 1530 4385 inquit,
1551 4325 1593 4372 ant
1608 4323 1714 4391 numidia

53 4404 115 4476 tur't
137 4406 204 4472 τίνος
224 4406 355 4484 δαιμόνων
379 4404 481 4464 ἀκούων
502 4405 549 4475 τλν
569 4404 718 4480 ίπωνυμίαν
743 4407 757 4461 θ
773 4403 885 4483 χρηστὸς
928 4413 1110 4477 appeliationem
1124 4411 1223 4462 audiam
1237 4413 1315 4461 bonna
1330 4411 1383 4471 irio,
1401 4412 1462 4459 terra
1473 4423 1522 4458 nan
1540 4412 1636 4472 pateat?
1652 4413 1714 4459 Sana

96 4500 163 4570 ἡμῖν
176 4485 249 4562 abra<
258 4498 305 4553 οὐκ
315 4493 453 4573 άνίχιταις
464 4495 498 4552 Ei
513 4492 561 4570 μίν
573 4492 618 4550 καὶ
629 4496 705 4569 θεῶν,
716 4490 884 4569 ἀπεκρίνατο,
928 4502 988 4550 siaa
1002 4500 1048 4549 diis
1067 4499 1183 4560 aiicujus,
1196 4498 1326 4561 respondit,
1346 4500 1389 4548 aut
1407 4497 1555 4557 numinibua,
1570 4511 1619 4547 non
1641 4498 1713 4547 baba·

97 4582 116 4652 ἣ
129 4582 273 4659 δαιμόνων,
283 4584 330 4642 οὐκ
344 4583 398 4661 ἔχω
409 4581 509 4659 λέγειν·
525 4580 663 4660 ἀνθρώπου
674 4578 713 4651 δὲ,
724 4578 769 4638 καί
781 4577 795 4637 θ
806 4578 884 4637 πλέον
929 4601 979 4637 rem
1000 4586 1065 4649 quod
1086 4585 1190 4634 dicerem
1208 4606 1214 4634 :
1236 4588 1343 4634 ceterum
1359 4583 1389 4633 ad
1408 4597 1495 4634 nomen
1514 4584 1631 4646 bominis,
1649 4583 1714 4646 quod

98 4670 157 4733 ἐστὶ
179 4672 338 4744 θαυμαστὸν,
359 4672 413 4730 οὐδ’
434 4669 526 4749 ιἰνδρύς
539 4692 606 4735 τινος
627 4667 644 4739 ἣ
664 4671 715 4727 τῶν
732 4666 773 4725 ἀπ’
792 4667 884 4746 ιἰνδρίορ
930 4676 1004 4737 aragia
1023 4677 1059 4723 eat
1071 4672 1221 4731 mirandum,
1237 4686 1316 4733 nequa
1335 4672 1379 4719 riri
1398 4670 1545 4733 cujuspiam,
1558 4675 1602 4721 aut
1615 4685 1713 4733 mrum,

100 4756 272 4836 βιὸοημένων
286 4758 353 4819 ἀλλὰ
365 4758 488 4836 γυναικὸς
499 4757 544 4816 καὶ
556 4756 654 4828 ταύτης
667 4764 777 4834 νεκρᾶς,
794 4759 828 4822 ὡς
840 4757 886 4813 αθ·
911 4830 912 4833 γ
929 4764 970 4827 qui
981 4763 1054 4825 gioria
1069 4758 1214 4811 tortitudinis
1226 4762 1282 4809 aunt
1294 4760 1411 4820 iitnstrea,
1423 4760 1466 4809 aad
1479 4758 1587 4809 mulieris
1598 4762 1622 4810 et
1633 4759 1716 4820 traina,

54 4872 84 4910 rr,
99 4843 248 4925 τύςρησιν,
262 4843 287 4903 εί
299 4870 338 4913 τις
355 4844 427 4922 λίγει
447 4842 576 4920 τοῦνομα,
592 4842 711 4924 πέρρικε,
756 4845 812 4912 Τῆς
825 4847 886 4920 γοῦν
931 4849 1105 4914 utipaedieit,
1118 4850 1234 4909 martum,
1247 4847 1266 4895 si
1279 4848 1334 4909 qnia
1352 4847 1410 4896 itiud
1424 4852 1612 4908 commemoret,
1628 4849 1716 4897 τοίων-

100 4932 193 4998 amri<
205 4936 265 4991 καθ’
280 4933 313 5004 ἣν
329 4932 383 4991 ἀπὸ
397 4935 448 4990 τῶν
470 4933 600 5011 βσυκαλων
614 4933 725 5002 ἐπέστης
747 4929 886 4998 ἀνασώζων
931 4940 1010 4989 reaeit.
1044 4938 1166 4987 itacenim
1178 4938 1261 4995 nacte,
1273 4936 1418 4997 quareretur
1434 4950 1448 4985 a
1462 4936 1632 4999 pradonibus,
1647 4936 1715 4985 inan·

100 5023 176 5094 ἡμῖν,
196 5010 318 5098 ιδ’γαθί,
338 5020 386 5093 τὴν
403 5021 576 5101 Χαρίκλειαν,
590 5024 637 5080 οὐκ
650 5010 698 5078 οἶδ’
713 5019 783 5086 ὅπως
800 5019 817 5091 ἢ
831 5019 887 5077 ὅθεν
932 5030 1023 5078 tamem
1036 5026 1106 5075 nabis
1116 5024 1239 5074 adducens
1250 5023 1411 5083 Cinarieieam,
1422 5023 1503 5073 neaeio
1512 5037 1562 5086 qua
1577 5026 1661 5087 pacto,
1673 5027 1717 5072 aut

101 5097 227 5185 ούλίγω,
240 5108 334 5167 τούτου
347 5108 524 5188 παρακηκοὼς
538 5113 583 5166 τοῦ
601 5107 744 5182 ὀνόματος,
763 5109 816 5166 οὐδ’
827 5107 887 5165 ὅσον
933 5112 1009 5171 unde,
1025 5112 1083 5170 Ιιυο,
1099 5110 1129 5160 de
1142 5124 1191 5172 qno
1203 5110 1270 5169 θίαν,
1283 5107 1397 5159 exaudito
1414 5111 1523 5170 nomine,
1537 5124 1567 5162 ne
1581 5110 1717 5174 paullulum

102 5194 168 5273 πρὸς
183 5195 269 5274 βραχὺ
281 5201 342 5273 γοῦν
358 5196 439 5254 θπνου
453 5221 498 5273 μοι
511 5195 668 5273 μεταλαθεῖν
681 5196 804 5267 ἐνέδωκε,
819 5216 888 5253 aare·
932 5201 1029 5263 quidem
1050 5200 1127 5249 aarum
1148 5212 1187 5247 me
1206 5210 1290 5260 erpere
1313 5195 1433 5257 permisit,
1451 5197 1565 5249 continue
1580 5211 1631 5262 prm
1649 5201 1717 5246 metu
