3894 5946
257 415 314 467 aad
794 400 1005 460 tttiltoboltt
1030 396 1337 458 AErbtortconltlt

253 534 311 599 τούς
326 534 441 607 ἐμαυτῆς
459 552 485 589 τε
510 531 554 589 καὶ
572 531 707 609 παρθένων
726 529 819 605 νόμους
840 532 885 589 καὶ
907 530 971 608 πρὸς
990 529 1037 599 τὴν
1086 548 1196 597 engeren
1208 535 1244 582 liis
1257 533 1349 595 legibus
1360 545 1420 595 qttas
1431 532 1488 581 milii
1500 532 1550 594 ipsa
1560 532 1701 595 prmsrripsi,
1713 535 1858 596 quinquenii·

252 626 344 679 πεῦσιν
359 625 403 678 τοῦ
419 624 575 699 κρατοῦντος
598 619 788 695 ἀποκρίνασθαι
802 618 862 695 περὶ
885 617 971 695 γάμον
992 618 1039 675 καὶ
1085 624 1171 686 ginum
1186 616 1243 671 stant
1269 622 1386 684 proprias,
1400 623 1425 669 et
1444 621 1474 668 ad
1490 622 1699 681 interrogationem
1718 624 1810 672 victuris
1825 636 1857 670 re·

252 713 325 766 ταῦτ’
342 710 368 765 έν
382 708 466 787 ὁμίλῳ
487 705 617 766 τοσούτων
630 707 741 784 ἀνδρῶν.
785 702 862 765 Ἔστι
883 705 910 763 δέ
923 705 957 762 τὸι
978 704 1040 784 περλ
1085 710 1221 773 spondebo,
1237 712 1337 759 tutante
1351 712 1386 758 tol
1401 709 1508 757 virorum
1522 710 1666 771 trequenlia.
1700 712 1858 772 igiturnestrn

252 800 329 872 ἡμῶν
345 794 442 856 τοιάδε.
485 794 563 861 Γένος
577 793 625 871 μέν
639 794 719 870 ἐσμέν
739 791 845 866 Ἰωνες,
863 793 995 872 Ἐφεσίων
1010 792 1037 850 δέ
1087 799 1191 848 ισθοιιειι
1201 798 1276 847 sisse
1291 796 1390 846 babent.
1424 796 1525 846 natione
1541 799 1719 858 lonessurnus,
1738 798 1819 861 prsei
1833 811 1857 845 ει

228 908 240 944 ε
255 883 288 942 rt
302 886 395 963 πρώτα
406 883 538 961 γεγονότες
551 882 598 941 καλ
614 883 769 959 ἀμφιθαλεῖς
780 881 868 954 ὀντες,
879 884 960 958 νόμον
978 881 1037 947 τοῦς
1086 886 1172 935 illustri
1184 886 1274 934 tamilla
1284 886 1343 934 nati.
1375 886 1440 934 cum
1451 885 1533 934 συθειιι
1545 884 1678 948 puberum
1688 898 1764 936 nunes
1772 884 1856 948 ingrad

252 970 382 1037 τοιούτους
407 974 547 1035 καλοῦντος
571 968 724 1048 ἱερατεύειν,
739 967 792 1048 ted
814 969 863 1045 μὲν
887 968 1036 1046 Ἀρτέμιδος
1086 970 1857 1036 oesernus,legetnlessdsaeerdotiimunusvoeante,egel)iann,

252 1058 413 1125 Ἀπόλλωνος
424 1062 446 1117 δ’
461 1062 475 1116 ὁ
489 1057 550 1135 ἐμός
563 1055 672 1137 ὀιδελρῦς
686 1049 759 1123 οὗτος
776 1058 915 1136 ὀλάγομεν.
953 1056 1037 1116 Ἑπι-
1086 1063 1159 1112 lrrter
1174 1062 1255 1110 aulem
1269 1060 1308 1109 lule
1323 1072 1392 1109 meus
1408 1060 1524 1122 Apollinis
1539 1060 1677 1122 designatus
1696 1065 1734 1111 est
1750 1062 1855 1111 socordes.

250 1146 319 1207 τιίου
330 1148 358 1205 δέ
375 1151 422 1218 τῆς
434 1148 510 1221 τιμῆς
525 1144 605 1216 οῦσης
614 1144 660 1203 καί
673 1149 719 1202 τοῦ
731 1143 827 1223 χρόνου
836 1143 1035 1224 πληρουμένου,
1084 1152 1199 1200 ceterum
1210 1162 1267 1197 cum
1278 1149 1309 1197 sil
1318 1160 1413 1196 annuus
1424 1148 1501 1197 bauer
1509 1151 1535 1198 et
1545 1150 1642 1210 tempus
1655 1148 1800 1212 impleretur,
1810 1162 1857 1211 pro·

251 1233 361 1313 θεωρίαν
373 1235 409 1299 είς
425 1236 513 1303 Δῆλον
529 1231 628 1307 ἤγομεν
642 1230 702 1288 ἔνθα
717 1230 856 1305 μουσικούς
870 1254 898 1289 τε
912 1232 957 1289 καί
967 1255 1036 1308 γυμ·
1086 1238 1143 1287 terli
1155 1249 1239 1286 sumus
1250 1236 1275 1284 in
1289 1235 1377 1285 ῠεΙοιιι
1390 1247 1446 1284 eum
1460 1247 1530 1284 suero
1543 1240 1675 1298 apparatu,
1685 1236 1720 1286 ibl
1732 1237 1857 1286 mudeoset

213 1339 237 1377 ιο
250 1322 335 1389 νικούς
349 1322 452 1398 ἀγῶνοις
466 1318 635 1390 διαθήσεσθαι
646 1319 692 1376 καὶ
710 1317 757 1388 τὴν
775 1317 917 1396 ἱερωσύνην
937 1317 1037 1389 άπαθή·
1083 1325 1207 1388 gymnicos
1218 1323 1288 1374 ludes
1297 1322 1429 1374 exhibituri
1438 1324 1463 1372 et
1475 1322 1636 1373 sacerdotium
1648 1328 1749 1374 merset
1760 1324 1857 1373 instituto

146 1406 151 1414 ’
251 1415 341 1468 οεσθαι
356 1408 424 1467 κατά
438 1432 465 1465 τι
477 1406 587 1484 πάτριον
601 1404 761 1482 ήμέλλομεν.
775 1404 876 1472 Ὁλκόις
890 1397 933 1463 οὐν
949 1408 1044 1477 ἔτλη·
1083 1412 1203 1474 majorum
1217 1410 1359 1473 deposituri.
1392 1410 1556 1468 Quamobrem
1573 1410 1642 1459 nevis
1653 1412 1857 1460 onerabaturanrn

251 1501 327 1573 ρσῦεο
346 1500 446 1573 χρυσοῦ
468 1516 497 1551 τε
519 1491 565 1550 καλ
584 1492 697 1571 ἀργύρου
719 1492 764 1549 καί
783 1492 898 1562 ἐσθήτων
917 1492 963 1548 καί
986 1494 1038 1548 τῶν
1083 1503 1108 1550 et
1119 1502 1217 1561 argento
1228 1500 1253 1548 ol
1264 1497 1465 1547 restibnseleliis
1474 1497 1545 1548 rebus
1553 1498 1701 1559 neeessariis,
1712 1502 1824 1561 quantum
1831 1499 1856 1544 nl

252 1585 338 1641 σίλλων
360 1583 409 1641 ὁτα
429 1580 494 1661 πρός
512 1603 540 1638 τε
561 1580 620 1645 τούς
639 1582 742 1656 ἀγῶνοις
761 1580 807 1639 καί
829 1580 877 1652 τήν
900 1581 1037 1656 πάνδημον
1085 1587 1199 1636 ludorum
1212 1588 1355 1649 apparatum
1372 1586 1398 1635 et
1411 1585 1495 1648 eprrlos
1508 1585 1598 1647 populo
1611 1585 1706 1648 publioe
1720 1584 1857 1635 iustnrendns

252 1669 365 1750 εὐωχίαν
381 1668 535 1747 inspitiens
547 1667 658 1742 ἤμελλε.
694 1665 748 1726 Ιίαλ
759 1668 909 1743 ἀνηγόμεθα
923 1670 974 1723 τῶν
988 1665 1036 1741 μέν
1084 1675 1142 1723 satis
1161 1687 1212 1723 esse
1230 1673 1366 1723 ridebatur.
1399 1673 1558 1723 solvebamus
1571 1673 1643 1734 igitur
1658 1686 1689 1722 εκ
1708 1676 1792 1736 portu,
1809 1685 1857 1719 eum

212 1780 236 1817 ts
252 1761 373 1838 πατέρων
387 1757 457 1838 γήρα.
471 1780 500 1815 τε
520 1756 689 1836 προηκόντοιν
709 1756 754 1815 καί
768 1758 822 1816 θέει
837 1761 883 1815 τοῦ
903 1758 969 1814 πλοῦ
989 1756 1035 1814 καλ
1085 1763 1196 1824 parentes
1206 1760 1300 1810 tumob
1311 1762 1408 1810 nutem
1418 1761 1606 1823 provectiorem,
1616 1746 1713 1810 turneb
1724 1764 1811 1810 ιαειιιιιι
1819 1773 1855 1809 ιιι·

250 1852 296 1918 τῆς
305 1846 435 1918 θαλάττης
447 1844 536 1905 οίκαδε
549 1844 773 1922 καταμεινάντων,
790 1844 911 1903 dtinuit
922 1846 1037 1902 πολιτῶν
1083 1848 1210 1911 rigationis
1223 1851 1247 1897 el
1263 1848 1400 1909 jactationis
1418 1847 1442 1897 in
1459 1850 1532 1908 marl,
1544 1847 1611 1897 domi
1628 1849 1783 1909 mansissent,
1795 1860 1857 1909 pons

252 1938 288 2000 εἰς
299 1938 396 2005 πλῆθος
410 1936 461 1990 τῶν
474 1931 522 2004 μέν
534 1932 603 1991 κατὸι
614 1932 661 2004 τὴν
676 1933 758 2005 αὐτὴν
772 1932 871 1992 ὁλκάδα
886 1931 1036 1990 συνειοόάν·
1083 1936 1122 1985 atii
1133 1937 1213 1995 eires,
1223 1948 1310 1997 magna
1324 1935 1470 1998 trequenlia,
1482 1948 1537 1997 pers
1545 1934 1646 1984 eandem
1656 1948 1743 1985 narem
1754 1946 1857 1985 mnsraen·

251 2047 312 2094 των,
321 2026 372 2080 τῶν
387 2021 414 2079 δὲ
430 2019 557 2098 σκάρεσιν
573 2020 645 2088 ἰδίοις
667 2021 821 2100 χρωμένων.
866 2018 942 2077 Ἐπεί
964 2019 1036 2078 δὲτὸ
1083 2024 1188 2084 dissent,
1214 2036 1269 2086 pers
1289 2022 1340 2073 suis
1358 2021 1460 2084 navigiis
1475 2024 1609 2073 uterentur.
1644 2025 1773 2086 Postquam
1785 2026 1857 2073 autern

251 2109 318 2168 πολὺ
330 2114 374 2168 τοῦ
387 2111 453 2167 πλοῦ
466 2108 599 2179 διήνυστο,
610 2106 751 2166 κλυδώνιον
764 2107 856 2187 ἀθρόον
864 2106 978 2183 ίμπεοῦν
990 2106 1035 2164 καί
1083 2111 1189 2160 maxime
1202 2123 1258 2172 pars
1273 2111 1430 2171 navigationis
1438 2110 1548 2161 melecta
1557 2113 1609 2171 est,
1620 2111 1750 2174 improuiso
1764 2114 1857 2174 tempes-

211 2216 237 2253 ιιι
252 2200 345 2273 οίνεμος
359 2195 471 2268 ἐξώστης
490 2195 537 2254 καὶ
559 2196 685 2263 λαιλαπες
702 2201 840 2275 συμμιγεῖς
855 2196 900 2255 καὶ
912 2200 1035 2275 πρηστῆ-
1082 2199 1199 2257 insuda,
1214 2199 1239 2247 et
1249 2200 1336 2247 νειιιιιι
1352 2198 1494 2258 νεΙιειιιειιι,
1506 2197 1663 2260 turbinesque
1674 2199 1746 2249 mixti
1760 2202 1785 2249 et
1799 2212 1857 2263 pres·

252 2311 292 2365 ρες
309 2285 357 2357 τήν
372 2284 504 2344 θάλατταν
520 2284 718 2361 καταιγίζουοσι
737 2284 784 2355 τήν
805 2289 868 2343 ναῦν
891 2290 935 2343 τοῦ
953 2283 1036 2350 εὐθέος
1082 2289 1146 2337 teres
1155 2299 1222 2336 mare
1229 2285 1856 2351 onneitanles,nnremepropositoeursuubriplunt3

249 2372 445 2454 παραφέρουσι,
473 2377 519 2429 τοῦ
541 2370 701 2450 κυόερνήτου
724 2371 788 2450 πρὸς
812 2370 843 2429 τό
866 2370 1032 2449 ῦπερόοίλλον
1081 2388 1138 2424 cum
1155 2373 1545 2436 gubernetermrgnttudinemuti
1560 2378 1687 2437 superatus
1705 2376 1858 2426 remismelut

249 2460 330 2519 κακόν
343 2461 458 2526 θνδόντος
472 2460 564 2539 καὶτῷ
578 2462 709 2539 βιαίιρτῆς
719 2459 828 2525 ὁλκάδος
841 2458 979 2524 ἐκστάντος
990 2458 1035 2517 καλ
1081 2462 1229 2524 θεειιιιεοίειισ
1240 2461 1354 2511 violentis
1367 2461 1486 2523 enarigiu
1497 2463 1651 2523 exermissel,
1665 2464 1857 2526 lortunreqnegn·

250 2553 282 2627 τῆ
297 2549 365 2626 τύχη
385 2547 514 2625 κυόεριθίν
533 2546 730 2627 ἐπιτρέψαντος.
774 2545 910 2624 Ἠγόμεθα
923 2536 966 2603 οὐν
985 2544 1035 2603 ὐπὸ
1081 2550 1245 2600 bemalionem
1254 2548 1408 2611 permisisset.
1442 2548 1589 2599 Ferebamur
1597 2550 1669 2611 igilur
1677 2550 1855 2601 continuorenti

210 2651 236 2689 ει
251 2642 294 2695 τοῦ
314 2637 355 2694 ἀεὶ
368 2635 488 2701 πνέοντος
510 2633 611 2712 ἡμέρας
625 2633 673 2709 μέν
687 2633 754 2692 έπτθ
769 2634 864 2699 νύκτας
880 2635 903 2691 θ’
917 2632 976 2699 ἴσας
989 2633 1035 2691 καὶ
1081 2638 1139 2687 llntu
1152 2636 1203 2686 dies
1214 2636 1550 2698 septemetnoelestotidem.
1582 2637 1618 2687 bd
1629 2641 1768 2688 extremum
1778 2640 1800 2688 in
1809 2639 1857 2686 litm

249 2726 322 2791 τέλος
333 2727 368 2791 εἷς
377 2723 423 2793 τήν
437 2721 519 2794 θκτὴν
532 2722 706 2797 ὀξισιιείλοιμεν
718 2721 780 2781 ἔνθα
788 2721 852 2801 πρὸς
864 2724 937 2798 ὐμῶν
950 2722 1033 2779 ίοίλω·
1081 2725 1150 2786 eiecti
1165 2737 1311 2785 sumusque
1323 2724 1348 2773 in
1363 2724 1416 2774 loeo
1428 2737 1473 2774 nos
1483 2725 1578 2787 cepistis
1586 2727 1660 2788 atque
1668 2727 1744 2777 etiem
1758 2739 1856 2789 magnam

250 2804 353 2887 μεν·οὸ
371 2813 416 2869 καὶ
436 2811 479 2869 τὸν
494 2810 574 2869 πολύν
598 2810 732 2889 ἑωράκατε
754 2810 842 2891 μόνον,
865 2813 916 2867 τῶν
933 2813 1034 2867 ναυτῶν
1080 2814 1236 2875 conspexistis
1248 2815 1360 2873 stragem.
1394 2813 1442 2862 Ubi
1455 2826 1512 2861 eum
1528 2816 1695 2877 nautoesnper
1710 2815 1856 2871 σοονίνίιιιιι,

249 2906 313 2976 ἡμῖν
324 2899 396 2980 πορθ
405 2898 454 2970 τὴν
475 2898 588 2976 εὐωχίαν
605 2898 637 2968 ήν
651 2898 697 2955 ἐπὶ
708 2896 844 2976 σωτηρίοις
857 2897 957 2974 ἤγομεν
972 2898 1032 2954 ἐστι·
1080 2900 1146 2963 quod
1156 2903 1253 2964 propter
1266 2902 1384 2960 salutem,
1395 2914 1452 2962 qun
1464 2900 1533 2950 nobis
1544 2902 1692 2963 eontigerit,
1703 2904 1856 2967 agitabamus,

250 2988 373 3065 θεμένων,
387 2989 488 3046 ἀνελεῖν
501 3008 528 3043 τε
550 2985 593 3044 δεδι
610 2984 643 3042 τὰ
658 2985 786 3063 χρήματα
805 2983 1032 3062 βουλευσαμένων,
1080 3002 1124 3039 nos
1134 2990 1236 3051 agriem
1248 2990 1326 3038 essent
1340 2991 1364 3039 et
1379 2995 1475 3052 propter
1488 2990 1614 3052 pecuniam
1626 2990 1766 3043 interimere
1774 2990 1858 3039 staturis·

208 3094 235 3132 :te
250 3076 297 3141 ἕως
311 3075 357 3133 οὐν
372 3078 462 3154 πολλῷ
476 3077 514 3151 τῷ
528 3076 602 3153 κακῷ
616 3073 661 3131 καί
676 3072 775 3152 ὀλέθρῳ
786 3076 839 3130 τῶν
850 3072 950 3131 οἰκείων
968 3076 1033 3147 ὁμοῦ
1080 3077 1385 3143 sent,non,sine1eelura
1399 3077 1508 3127 omnium
1525 3079 1657 3128 amicorum
1673 3092 1702 3127 ne
1724 3077 1857 3129 ιιεοεεοοιίο·

248 3164 363 3233 πάντων,
376 3165 461 3219 αὐτῶν
474 3161 496 3218 δ’
511 3161 614 3218 ἐκείνων
629 3161 761 3218 ὀλλύντων
775 3160 860 3218 τεκαὶ
873 3160 1033 3236 ὀλλυμένων,
1081 3178 1134 3214 rum
1147 3168 1172 3215 et
1183 3165 1279 3214 illorum
1298 3166 1386 3226 pariter
1402 3165 1563 3215 internecione
1580 3165 1729 3216 undantium
1745 3173 1769 3216 et
1784 3165 1858 3215 eaden

249 3249 463 3328 ἐπικρατήσομεν
490 3248 516 3316 ἐξ
538 3248 675 3319 ἁπάντων,
703 3249 755 3328 (ὡς
779 3248 816 3324 μή
839 3248 897 3306 ποτ’
917 3248 1032 3329 ώριλον)
1079 3252 1210 3313 tium,soli
1228 3252 1352 3303 victoriam
1371 3253 1558 3302 obtinuimusel
1574 3255 1661 3303 serrati
1681 3268 1782 3315 ennius,
1801 3250 1858 3316 qnod

249 3338 350 3416 οἰκτρὸν
368 3337 552 3417 περισωθέντες
569 3335 746 3415 tridentinis
767 3337 845 3411 μόνον
867 3337 1034 3415 ἔνδυστυχή·
1080 3341 1173 3390 utinam
1187 3354 1235 3390 non
1249 3340 1387 3400 accidisset,
1400 3340 1546 3391 miserabiles
1558 3342 1670 3404 rdinum.
1706 3344 1763 3394 line
1774 3342 1859 3393 nornine

250 3447 329 3500 μασιν
350 3427 541 3503 εὐπραγοῦντος
557 3424 596 3482 ὁτι
611 3428 677 3482 θεῦιν
688 3448 727 3490 τις
744 3426 780 3490 είς
799 3429 890 3502 Ιγιεῖροις
905 3423 951 3490 τὰς
967 3428 1031 3501 ὁμε·
1079 3432 1160 3479 tamen
1178 3430 1201 3478 in
1219 3428 1319 3478 adversa
1340 3429 1435 3479 fortuna
1453 3428 1533 3478 leliees
1545 3441 1642 3489 somus,
1654 3430 1723 3492 quod
1744 3429 1767 3480 in
1783 3440 1860 3479 mutus

209 3535 235 3574 ιι
249 3510 324 3588 τέρας
338 3510 421 3588 ήγσγε
442 3507 486 3566 καί
501 3512 526 3567 οί
550 3511 611 3589 περί
627 3511 740 3569 θανάτου
761 3511 889 3583 δεδιότες,
909 3510 969 3590 περὶ
988 3510 1035 3588 γά·
1079 3521 1171 3566 νοτίοιο
1183 3517 1243 3566 deus
1259 3516 1347 3578 aliqrris
1360 3530 1405 3566 nos
1422 3515 1525 3566 adduxit
1537 3520 1562 3566 et
1579 3517 1645 3579 quod
1658 3518 1687 3567 iis
1702 3520 1749 3582 quui
1765 3520 1858 3568 ιιιοιίειιι

249 3622 299 3671 μου
311 3605 417 3656 σκοπεῖν
432 3594 633 3673 ἐπετράπημεν·
645 3597 674 3656 ὁν
684 3599 713 3655 οὐ
725 3596 854 3677 βούλομαι
867 3601 927 3656 κατ’
941 3597 1032 3656 οὐδένα
1080 3606 1221 3655 metuebant
1231 3604 1262 3654 de
1276 3604 1388 3666 eoniugie
1398 3603 1546 3654 deliberandi
1560 3605 1705 3655 incultasest
1720 3606 1789 3667 dala,
1802 3604 1858 3666 qimi

248 3685 343 3763 τρόπον
361 3683 536 3763 ἀρνήσασθαι.
576 3684 615 3743 Τό
636 3706 664 3742 τε
686 3683 737 3761 γὰρ
754 3684 925 3763 αἰχμάλωτον
948 3675 1028 3753 οὖσαν
1079 3693 1222 3754 neutiquam
1240 3704 1351 3741 recusare
1371 3692 1435 3741 uolo.
1468 3695 1529 3742 llam
1549 3706 1605 3741 cum
1625 3693 1751 3755 captivam
1772 3691 1860 3742 sisteris

247 3778 293 3843 τῆς
305 3777 350 3831 τοῦ
361 3777 519 3852 κρατοῦντος
531 3773 605 3843 εὐνῆς
618 3771 769 3843 ἀξιοῦσθαι,
782 3781 871 3830 πᾶσαν
890 3772 1031 3848 εὐδαίμονα
1079 3781 1184 3830 tlrelnmo
1193 3779 1290 3841 dignam
1299 3779 1416 3840 judicari,
1430 3793 1527 3829 omnem
1537 3783 1633 3843 superet
1645 3781 1785 3832 felicitatem
1793 3797 1801 3843 ς
1809 3782 1857 3828 tum

248 3861 330 3940 τύχην
346 3858 539 3939 ὁπερύέόληκε.
569 3859 608 3918 Τό
622 3882 650 3916 τε
664 3859 730 3924 θεοῖς
745 3860 917 3935 ἀνακειμένην
930 3860 1030 3939 προρή-
1078 3868 1122 3917 diis
1131 3868 1244 3926 dientem,
1253 3880 1310 3916 cum
1320 3867 1432 3917 antistitis
1442 3867 1500 3929 silio,
1510 3869 1590 3930 paullo
1600 3869 1735 3930 postellam
1745 3868 1858 3919 annuente

206 3972 233 4008 to
247 3972 290 4006 του
305 3949 380 4005 παιδί
400 3947 444 4005 καὶ
466 3949 523 4023 μετ’
538 3948 623 4023 ὀλίγον
637 3952 694 4006 θεοῦ
709 3948 825 4012 νεύοντος
841 3946 886 4004 καί
907 3947 1029 4025 προφήτῃ
1079 3954 1125 4005 deo
1146 3955 1266 4015 antistite,
1290 3955 1441 4015 oebabllare,
1465 3955 1564 4006 omnino
1584 3957 1698 4019 singulari
1718 3956 1858 4021 providentia

246 4043 373 4094 συνοικεῖν
387 4036 416 4093 οὐ
430 4034 599 4093 παντάπασιν
612 4034 695 4095 ἔοικεν
712 4026 779 4093 εἶναι
798 4039 845 4103 τῆς
857 4036 887 4091 ἐκ
903 4039 948 4092 τοῦ
961 4034 1031 4092 θείου
1077 4043 1257 4093 dirinernmre
1271 4044 1434 4095 nenvidelur.
1469 4047 1550 4094 tinum
1566 4047 1661 4094 tantum
1672 4047 1701 4095 nl
1712 4047 1771 4095 mibi
1784 4043 1859 4106 largia-

247 4124 403 4200 κηδεμονίας
427 4123 545 4202 ἄμοιρον.
594 4124 646 4184 Ἓν
671 4124 748 4200 μόνον
772 4125 852 4192 etin,
873 4122 918 4179 καὶ
939 4112 1031 4193 dinei
1078 4132 1124 4192 ris,
1138 4131 1254 4193 royano,
1271 4144 1285 4178 a
1301 4134 1326 4182 te
1344 4134 1408 4194 pete.
1443 4133 1571 4193 Permitte,
1589 4146 1628 4182 me
1643 4133 1825 4195 primumcum
1838 4132 1859 4179 in

246 4211 356 4288 (θέαμα
379 4210 551 4290 συγχώρησον
566 4214 602 4278 εἷς
623 4211 688 4269 άστυ
714 4234 747 4286 με
761 4210 887 4289 πρότερον
901 4211 1028 4268 ἐλθοῦσαν
1079 4219 1201 4269 civitatem
1214 4231 1315 4278 renero,
1329 4222 1365 4270 rel
1379 4221 1460 4270 eonbi
1475 4233 1517 4269 nra
1533 4219 1636 4283 Apollini
1648 4225 1692 4270 sut
1703 4222 1819 4284 templum
1827 4218 1859 4265 di·

247 4297 264 4368 ή
276 4297 338 4356 ἔνθα
354 4297 468 4377 βωμὸςῆ
485 4299 544 4364 ναὸς
555 4298 699 4357 Ἀπολλωνι
713 4297 880 4372 νενόμισται,
893 4297 940 4366 τήν
955 4300 1029 4376 ίερω·
1076 4311 1157 4356 setium
1166 4308 1212 4367 sil,
1223 4306 1384 4358 sacerdotium
1395 4311 1421 4358 el
1432 4308 1484 4369 ejus
1493 4307 1579 4357 indicis
1589 4307 1718 4370 detinuere.
1752 4312 1859 4359 οοιιιιιιο

207 4404 234 4442 ιο
247 4386 326 4458 οὐνην
345 4385 391 4443 καὶ
411 4384 445 4443 τά
465 4384 562 4457 ταύτης
582 4386 723 4444 ἀποθέσθαι
746 4383 878 4459 σύμῦολοι.
922 4385 1029 4444 Βέλτιον
1075 4394 1130 4444 dios
1139 4394 1238 4456 quidem
1249 4398 1312 4445 esset
1327 4396 1447 4457 Memplri,
1457 4409 1514 4444 num
1525 4408 1688 4457 recuperasses
1702 4394 1813 4445 antistitii
1827 4393 1858 4441 di·

246 4473 292 4547 μέν
310 4477 346 4539 είς
370 4473 479 4553 Μέμριν
501 4472 563 4531 ὁταν
587 4473 632 4530 καλ
652 4473 700 4543 τὴν
720 4471 801 4549 τιμήν
822 4472 959 4550 σἰνακτήοη
982 4479 1029 4545 τῆς
1075 4483 1199 4544 peitatem.
1232 4483 1344 4535 Eoenlm
1358 4486 1428 4546 preto
1442 4483 1720 4553 evenirel,utnuptioe,
1739 4496 1796 4533 eum
1814 4482 1860 4529 rie·

158 4556 164 4564 ⁴
245 4561 416 4642 προφητείας·
448 4559 517 4620 οὐτω
543 4560 589 4619 καί
623 4564 637 4619 ὁ
661 4560 746 4641 γάμος
773 4560 943 4639 εὐθυμότερον
975 4562 1026 4642 (ἂν)
1075 4573 1138 4620 tonia
1151 4571 1433 4633 noniunetnetpostrer
1442 4571 1588 4633 mnepmts
1596 4570 1725 4621 celebratae
1735 4569 1858 4622 essentii-

247 4649 350 4724 ἄγοιτο,
366 4649 425 4728 νίκῃ
436 4648 628 4724 συνοπτόμενας
641 4648 687 4707 καλ
702 4646 745 4706 ὀπί
759 4649 974 4728 κατορθουμένοις
986 4673 1028 4708 τε·
1076 4659 1182 4709 latiores.
1216 4661 1403 4719 Verumtamen,
1415 4672 1446 4707 nn
1459 4658 1483 4707 id
1496 4659 1563 4720 prins
1581 4658 1631 4708 lieri
1649 4658 1752 4718 debeat,
1770 4661 1813 4707 tuo
1824 4670 1859 4704 τε·

246 4737 381 4810 λούμενος.
427 4739 460 4796 tlt
476 4737 503 4794 δέ
517 4737 561 4796 καί
571 4736 709 4817 πρότερον,
722 4738 749 4796 ἔν
761 4759 801 4796 σοι
816 4736 969 4795 καταλείπω
981 4737 1028 4808 τήν
1075 4747 1269 4810 linquosrbltrio
1284 4761 1290 4795 ι
1303 4748 1481 4797 tentomeme
1502 4747 1572 4809 patrii
1589 4747 1650 4796 ritus
1666 4748 1722 4795 unte
1737 4744 1859 4808 perlinien-

207 4835 234 4872 ιιι
247 4822 348 4901 σκέψιν.
390 4824 477 4883 Μόνον
500 4825 631 4896 τελεσθείη
648 4848 693 4900 μοι
712 4824 745 4884 τὸι
765 4824 863 4903 πάτρια
886 4824 1029 4903 πρότερον·
1075 4835 1124 4883 tur.
1140 4835 1301 4895 sciosutem,
1315 4837 1505 4885 teassensurum
1522 4847 1586 4894 esse,
1599 4834 1642 4897 qui
1658 4836 1714 4883 eta
1735 4833 1861 4897 puero‚ul

248 4909 292 4963 καὶ
313 4900 362 4966 οὐδ’
377 4913 412 4976 όις
428 4911 585 4987 ἐπινεύσιις,
599 4916 677 4992 ίεροῖς
693 4914 715 4971 τ’
740 4914 771 4970 ἐκ
784 4914 896 4985 παίδοιν,
916 4915 950 4978 a<
963 4912 1028 4992 ρής,
1074 4922 1121 4979 ab,
1134 4921 1208 4970 saeris
1224 4920 1296 4971 rebus
1313 4922 1346 4971 sls
1361 4922 1494 4972 destinatus
1509 4925 1535 4971 et
1547 4922 1651 4983 pariter
1672 4934 1700 4970 ec
1714 4922 1755 4983 ple
1769 4921 1800 4970 de
1819 4919 1861 4968 diis

248 4993 426 5073 indesinenter,
435 4997 517 5056 καίτύ
529 4999 589 5077 περί
598 5000 657 5066 τούς
670 5000 742 5066 θεοὺς
754 4999 824 5059 ὅσιον
832 5000 1026 5074 ἀποσεμνύνων.
1075 5008 1174 5058 sentias.

289 5080 353 5139 ΚΙ“’.
383 5083 436 5141 Καί
459 5088 475 5153 i,
500 5085 547 5160 μὲν
573 5088 682 5146 ἐνταῦθα
707 5091 758 5145 τῶν
786 5088 870 5165 λόγοιν
894 5087 1029 5146 ἐπαύσατο
1107 5098 1194 5145 xltttt.
1211 5096 1254 5145 llla
1268 5097 1366 5159 quidem
1377 5098 1492 5160 petiliane
1505 5095 1860 5156 dieendilmem,lnerbnarnnr

246 5165 365 5245 δακρύων
385 5168 407 5225 δ’
427 5168 533 5245 ήρξοτο.
575 5176 636 5232 Τῶν
652 5173 680 5231 δὲ
694 5173 828 5251 παρόντοιν
842 5176 865 5232 ol
888 5174 935 5251 μὲν
954 5175 1028 5233 ἄλλοι
1076 5182 1310 5236 νειυῐεοίιίοίιίυιιι.
1344 5189 1374 5235 ltl
1384 5198 1467 5236 omnes
1478 5184 1518 5234 alii
1531 5185 1573 5247 qni
1583 5184 1681 5234 atterant
1691 5182 1861 5233 collaudarent
