3930 5954
832 417 947 478 LIBER
969 417 1036 478 VH.

163 552 410 635 1Ε’.Ἰ”.ντσύτιμδ’
426 551 530 632 ἔρχεταί
545 573 581 615 τις
594 552 644 608 τῶν
663 553 708 608 τοῦ
725 553 787 606 ναοῦ
803 550 904 623 erponi-

122 650 173 704 λων
185 646 228 705 ἐπὶ
236 646 280 703 τὀν
292 644 365 720 ἱερέα
379 642 479 719 σπουδῇ
490 639 563 716 μάλα
573 639 649 707 θέων,
660 637 704 695 καί
714 636 785 714 λέγει
799 639 904 693 πάντων

123 734 282 792 ἀκουόντων·
296 731 370 806 Κόρη
384 752 421 794 τις
431 727 474 785 ε’πλ
486 723 533 795 τὴν
546 722 669 803 Ἄρτεμιν
680 723 739 793 ξένη
749 722 903 802 κατέφυγεν.

123 820 194 899 Ἐγὼ
209 820 258 896 μὲν
273 818 306 889 δὴ
320 819 390 875 τοῦτ’
402 813 514 879 ἀκούσας
527 814 737 890 άναπτεροῦμαι,
754 810 798 868 καί
814 810 846 867 τδι
855 810 907 885 ύμ-

98 930 194 983 εμιιτα
211 903 355 983 ἀνεγείρει),
375 902 420 960 καί
443 899 568 958 inediam
589 900 725 978 ἠρχόμην·
741 901 755 955 θ
769 898 796 955 δὲ
825 899 906 956 Κλει-

122 996 177 1059 νίας
189 992 254 1072 πρὸς
266 990 487 1068 τθνΣιθστρατον,
504 985 600 1057 Ἀληθῆ
613 1009 673 1062 μου,
684 986 780 1063 πάτερ,
795 974 861 1055 εἶπε,
874 982 906 1040 τά

123 1081 309 1157 μαντεύματα.
355 1076 408 1136 Καί
427 1075 484 1150 ἅμα
504 1073 568 1153 πρὸς
584 1073 628 1132 τὸν
648 1073 758 1151 άγγελον
774 1063 843 1130 εἶπε·
861 1070 906 1142 Μὴ

122 1168 210 1240 καλής
224 1168 284 1227 oin
300 1166 383 1234 άλλην
406 1162 540 1232 τοιαύτην,
563 1160 628 1240 ἐρη,
650 1159 717 1237 μετὰ
740 1160 787 1229 τὴν
814 1158 906 1237 Ἄρτι·

123 1280 167 1333 μιν
183 1248 263 1316 eides.
310 1251 378 1330 [Ιρδς
390 1253 460 1310 τοῦτ’
472 1248 524 1328 ἐγὼ
540 1249 616 1320 πηδῶ
639 1249 684 1306 καί
700 1250 767 1326 βοῶ,
792 1247 907 1307 Λευκίπ-

87 1369 109 1405 ιυ
122 1366 175 1413 την
189 1342 285 1420 λέγεις.
330 1339 385 1399 Καί
409 1338 496 1415 μάλα,
519 1336 583 1416 ἐρη·
605 1336 741 1394 καλεῖσθαι
759 1332 809 1414 γάρ
833 1338 908 1392 τοῦτο

8 1404 10 1447 ί
124 1431 210 1509 ἔλεγεν
224 1426 303 1499 αὐτὴ,
316 1427 361 1485 καί
371 1425 485 1505 πατρίδα
506 1422 646 1491 Βυζάντιον
661 1423 706 1481 καὶ
725 1421 827 1499 πατίρα
845 1420 906 1480 Σιθ-

124 1539 236 1598 στρατσν
261 1514 343 1596 ἔχειν.
396 1512 431 1572 ‘0
460 1511 506 1589 μίν
536 1509 567 1580 δὴ
601 1509 723 1575 Κλεινίας
753 1508 908 1588 ἀνεκρότησε

123 1606 279 1669 παιανίσας·
294 1600 347 1661 itt
362 1599 519 1678 Σώστρατος
529 1596 578 1655 ὑπὸ
592 1606 678 1676 χαρᾶς
687 1595 846 1655 κατέπτσεν·
857 1594 908 1672 ἐγὼ

125 1695 147 1751 δ’
171 1691 317 1766 ἐξάλλομαι
338 1686 404 1765 μετὰ
423 1690 475 1744 τῶν
494 1687 598 1761 δεσμῶν
618 1687 653 1751 είς
668 1682 734 1762 ἀέρα
759 1683 805 1742 καλ
824 1682 867 1741 ἐπὶ
879 1682 908 1740 τδ

87 1808 110 1843 ιε
124 1780 195 1861 ἱερὸν
207 1783 242 1845 ὡς
257 1778 310 1836 int
324 1779 445 1854 μηχανῆς
460 1772 563 1853 βληθείς
575 1771 721 1847 ἐπετόμην·
734 1772 757 1830 οἱ
770 1770 797 1828 δέ
814 1769 908 1850 ρυλάσ·

125 1891 213 1933 σοντες
231 1865 350 1935 ἐδίωκον,
365 1862 510 1940 νομίζοντες
528 1858 738 1936 ἀποδιδράσκειν,
761 1858 807 1917 καί
825 1857 907 1917 itinn

124 1964 178 2022 τοῖς
200 1952 387 2032 ἐντυγχάνουσι
417 1947 555 2008 λαθέσθαι.
598 1946 669 2005 Ἀλλ’
689 1936 759 2025 ε’ίχον
781 1948 804 2004 οἱ
835 1946 909 2010 πόδες

82 2076 86 2083 ·
126 2065 176 2119 μου
189 2040 247 2100 τότε
259 2039 355 2119 πτερά.
398 2036 454 2098 Καὶ
467 2034 540 2111 μσλις
551 2024 595 2093 σύν
610 2056 677 2102 τινες
687 2031 845 2110 μαινομένου
857 2055 908 2107 μου

125 2129 189 2207 πρὸς
211 2128 256 2187 τδν
271 2125 366 2207 δρόμον
389 2122 584 2201 λαμύάνσνται·
609 2121 692 2179 καλοί
715 2118 828 2202 ρύλακες
851 2120 908 2194 όμα

89 2241 113 2276 ω
126 2222 250 2299 παρῆσαν
269 2215 315 2273 καλ
338 2213 489 2292 ἐπεχείρουν
503 2233 537 2287 με
559 2208 674 2267 τύπτειν.
717 2206 792 2286 Ἐγὼ
812 2209 834 2264 δ’
856 2209 908 2280 ήδη

125 2310 227 2385 θαρρῶν
244 2301 393 2380 ἠμυνόμην.
433 2303 468 2359 Oi
484 2298 505 2356 δ’
527 2288 613 2356 εἷλκόν
628 2319 660 2373 με
678 2298 712 2363 εἰς
726 2295 755 2353 τὸ
768 2297 908 2372 δεσμωτή-

126 2418 190 2473 pios.

166 2480 232 2558 λς’.
248 2479 301 2538 Καὶ
313 2479 339 2534 ἐν
348 2477 430 2555 τούτῳ
440 2478 526 2554 παρῆν
539 2477 552 2532 δ
565 2472 685 2539 Κλεινίας
699 2472 743 2529 καί
759 2470 908 2548 θΣόιστρα·

127 2593 179 2635 τος.
225 2567 279 2627 Καὶ
293 2564 366 2641 θμέν
381 2562 500 2627 Κλεινίας
513 2562 591 2620 ἐθόα·
604 2564 654 2621 Ποῖ
667 2560 742 2636 άγετε
755 2558 797 2618 τθν
809 2561 910 2637 άνθρω·

90 2675 114 2711 ss
128 2681 192 2730 now,
206 2657 253 2714 σθκ
268 2653 324 2712 ἔστι
338 2650 427 2731 ρονεδς
447 2652 487 2730 ἐρ’
508 2642 526 2729 ᾖ
544 2649 776 2708 καταδεδίκασται.
821 2646 875 2706 Καί
895 2649 909 2702 θ

129 2745 285 2823 Σώστρατος
296 2743 323 2799 ἐν
340 2740 413 2819 μέρει
424 2737 508 2797 ταύτὰ
520 2735 607 2815 ίλεγε,
621 2736 666 2795 καί
679 2739 713 2803 ὡς
727 2736 767 2807 εἴη
776 2736 850 2800 αὐτὸς
865 2738 910 2804 τῆς

128 2835 273 2912 άνηρῆσθαι
289 2826 413 2899 δοκούσης
427 2826 526 2906 πατήρ,
568 2828 603 2886 Oi
616 2824 642 2882 δδ
658 2824 797 2905 παρόντες,
812 2821 909 2899 μαθόν-

127 2900 168 2987 τες
181 2920 286 2992 rinei,
300 2915 433 2996 εύρήμουν
450 2938 476 2973 τε
492 2912 540 2985 τὴν
553 2907 677 2992 Ἄρτεμιν
692 2913 737 2970 καλ
762 2910 909 2991 περιίσταν·

127 3010 209 3084 τάμε
236 3006 281 3064 καὶ
303 3003 374 3082 άγειν
388 3006 423 3069 είς
443 3002 473 3061 τδ
494 3001 670 3080 δεσμωτήριον
689 3003 736 3059 ούκ
757 3001 907 3078 ἐπέτρεπον.

90 3111 115 3146 ³⁰
128 3098 162 3154 Oi
174 3094 201 3153 δὲ
216 3093 330 3175 φύλακες
342 3092 389 3150 οὐκ
399 3080 465 3148 εἶναι
479 3088 562 3170 κύριοι
575 3094 620 3149 τοῦ
636 3093 751 3164 μεθεῖναι
763 3089 909 3146 καταδικα-

128 3180 221 3238 σθέντα
236 3179 299 3259 πρθς
321 3178 431 3237 θάνατον
445 3176 579 3258 άνθρωπσν
596 3176 694 3256 ἔλεγον,
717 3175 792 3241 ἐωςθ
812 3174 909 3252 ἱερεύς,

127 3274 173 3326 τοῦ
189 3265 349 3344 Σωστράτου
363 3264 509 3336 δεηθέντος,
524 3264 682 3342 θνεγυήεατσ
693 3264 770 3323 αθτδν
784 3261 909 3343 ἔχεινκαὶ

128 3356 253 3436 παράξειν
266 3357 301 3420 εἰς
314 3352 357 3412 τδν
375 3354 467 3429 δῆμον,
481 3353 543 3413 όταν
556 3352 613 3432 δέῃ.
654 3351 733 3412 Ούτω
751 3351 799 3427 μέν
813 3350 845 3421 δὴ
858 3355 909 3409 τῶν

127 3447 230 3519 δεσμῶν
249 3440 399 3517 ἀπολύομαι
419 3441 463 3498 καί
478 3442 520 3499 ἐπὶ
533 3439 562 3497 τὸ
581 3440 649 3520 ίερδν
665 3439 732 3519 ταχύ
745 3441 818 3515 μάλα
831 3442 910 3509 ἠπει-

91 3546 113 3580 ³=
127 3530 225 3607 γόμην·
241 3528 314 3587 καλό
333 3528 488 3606 Σώστρατος
509 3527 576 3586 κατὰ
593 3528 684 3599 πόδας,
699 3530 747 3585 υύκ
769 3520 827 3585 σίδαι
839 3528 861 3583 εί
877 3525 910 3582 τὰ

126 3618 205 3693 ὅμοια
217 3614 276 3691 ἐμοὶ
287 3614 399 3694 χαίρων,
442 3616 500 3675 Oia
510 3615 566 3673 ἐστι
578 3613 600 3672 δ’
614 3614 695 3680 οὕτως
708 3614 840 3693 ἅνθρωπος
854 3614 911 3690 δρο·

126 3704 289 3781 μικόιτατος,
301 3703 329 3760 ὃν
341 3705 370 3761 οὐ
382 3707 428 3775 τῆς
450 3702 538 3782 ρι’,μης
553 3701 643 3783 ρθάνει
665 3702 695 3760 τὸ
706 3702 813 3782 πτερόν·
829 3702 846 3772 ἣ
865 3698 910 3757 καί

125 3794 184 3851 τότε
200 3796 271 3869 ἡμᾶς
284 3791 327 3849 ἐπὶ
349 3790 505 3861 Λευκίππην
527 3789 685 3869 προύλαύεν,
707 3789 910 3866 ἀπαγγέλλουσα

127 3883 212 3938 πάντα
230 3878 275 3937 καί
296 3876 328 3935 rii
342 3883 387 3935 τοῦ
400 3878 560 3958 Σωστράτου
573 3879 617 3936 καὶ
641 3876 725 3953 τάμά.
770 3877 873 3936 ’idcina
889 3875 910 3932 δ’

88 3986 113 4022 ιι·
125 3976 212 4045 ἡμᾶς,
228 3966 373 4035 ἐξεπήδησε
388 3972 433 4024 τοῦ
449 3966 509 4037 νεὼ,
525 3965 570 4024 καί
584 3965 626 4023 τὸν
640 3965 688 4040 μὲν
706 3964 808 4043 πατέρα
825 3987 910 4041 περιε·

125 4057 250 4124 πτύξατσ,
271 4052 330 4117 τοὺς
345 4054 367 4110 δ’
386 4053 533 4132 θρθαλμοθς
554 4043 622 4131 εἶχεν
645 4051 687 4111 ἐπ’
702 4054 758 4127 έμέ.
802 4050 874 4127 ’tipo
889 4051 910 4108 δ’

125 4145 267 4213 εἱστήκειν,
280 4143 347 4197 aridai
359 4144 392 4217 τῇ
405 4141 468 4217 πρὸς
478 4141 521 4198 τδν
533 4140 689 4219 Σώστρατον
701 4139 820 4217 κατέχων
834 4142 911 4215 ἐμαυ·

126 4237 167 4289 τἀν
183 4232 230 4289 καί
245 4229 352 4286 άπαντα
373 4227 477 4304 βλέπων
492 4230 527 4293 είς
542 4228 571 4284 τδ
591 4228 689 4297 ἐκείνης
702 4227 850 4304 πρόσωπον,
868 4230 910 4284 ἐπ’

125 4321 205 4390 σύτὴν
232 4318 356 4395 ἐκθορεῖν,
398 4315 490 4382 θύτως
510 4317 637 4385 ἀλλήλους
663 4315 834 4391 ἠσπαζόμεθα
857 4323 911 4379 τοῖς

224 5312 345 5353 acaricus
363 5307 456 5353 Τιτιει.

1682 432 1735 483 tra

983 559 1035 606 XV.
1052 561 1145 608 interea
1160 557 1305 607 todituornm
1321 571 1391 617 iinrn,
1400 560 1520 609 concitato
1531 560 1661 610 admodum
1674 577 1736 620 pres·

953 646 1021 693 suad
1036 646 1184 694 sacerdotem
1200 647 1311 705 sarriens,
1324 647 1428 706 pnettnm
1441 649 1572 710 qiaarndam
1587 652 1735 710 peregrinam

952 732 982 780 ad
1010 733 1110 781 Dianam
1135 734 1283 795 confugisse,
1307 737 1401 783 cannetis
1421 736 1588 797 audientibus,
1609 739 1738 787 nuntiavit.

953 822 1008 876 Qua
1021 834 1046 869 re
1057 820 1162 881 cognita,
1175 833 1218 881 ego
1230 834 1297 883 spem
1309 823 1418 885 concepi,
1431 824 1515 872 ocutos
1528 825 1623 885 snstnd,
1633 838 1662 873 ac
1671 838 1739 887 pane

954 908 1095 957 reviviscere
1111 907 1177 957 visus
1187 921 1248 957 snm.
1281 908 1359 959 ctinia
1378 923 1434 959 vero
1444 910 1474 959 od
1491 913 1624 962 Soatrstum
1639 926 1738 964 conver-

953 1008 1009 1052 sus,
1022 998 1096 1055 t'era,
1115 996 1204 1057 inquit,
1224 998 1299 1059 pater,
1315 997 1428 1047 vaticinia
1449 1011 1503 1047 mea
1523 1002 1597 1052 sont:
1612 1004 1694 1063 atque,
1706 1015 1737 1051 aa

954 1082 1057 1132 tonnosa
1071 1083 1110 1131 itta
1125 1084 1197 1143 esset,
1215 1084 1333 1133 edituum
1352 1087 1452 1147 rogavit.
1487 1087 1531 1136 cui
1548 1087 1661 1149 edituris,
1684 1091 1737 1138 Non

954 1168 1035 1226 stiam.
1050 1169 1143 1231 inarsit,
1167 1170 1244 1219 Diana
1264 1174 1380 1234 excepta,
1400 1172 1564 1223 formosiorem
1585 1175 1643 1225 vidi.
1676 1180 1738 1226 inm

953 1269 997 1317 ego
1007 1256 1090 1305 latitia
1101 1257 1197 1307 ensuite
1213 1259 1237 1307 et
1259 1257 1355 1309 clamo:
1370 1260 1505 1322 Leucippen
1520 1260 1590 1312 dicis.
1623 1264 1737 1323 tissime,

954 1344 989 1393 ait
1000 1344 1049 1395 iiie.
1084 1346 1136 1394 ttoc
1148 1346 1212 1396 enim
1221 1349 1318 1397 nomine
1327 1361 1353 1397 se
1364 1350 1458 1409 vocari,
1472 1350 1623 1413 patriamqne
1636 1353 1680 1402 sibi
1688 1366 1739 1402 esse

956 1433 1113 1495 dynastiam,
1128 1437 1221 1497 patrem
1234 1448 1291 1484 vero
1311 1437 1457 1497 Sostratum,
1472 1436 1540 1487 dixit
1574 1439 1652 1489 ctinis
1666 1440 1739 1501 igitur

955 1520 1107 1571 intabundus
1125 1522 1237 1585 ptansnm
1255 1523 1327 1573 edere
1340 1524 1422 1586 coepit,
1435 1538 1491 1574 cnm
1504 1528 1625 1576 Sostratus
1643 1527 1738 1577 interim

956 1621 1005 1670 prae
1017 1609 1104 1671 gaiidio
1118 1609 1268 1660 exanimatos
1282 1611 1432 1662 concidisset.
1467 1616 1517 1676 Ego
1528 1614 1590 1664 snitu
1603 1628 1642 1665 mc
1659 1615 1689 1664 sd
1707 1619 1740 1665 si-

955 1695 1038 1746 deroe
1052 1698 1153 1747 vinculis
1167 1697 1236 1757 dedi,
1250 1712 1307 1748 mox
1319 1699 1349 1748 ad
1361 1702 1477 1763 tempium
1490 1705 1604 1765 tanquam
1617 1706 1739 1754 tormento

955 1784 1036 1847 atiquo
1045 1786 1162 1848 impulsus
1172 1785 1307 1835 convolavi.
1340 1787 1472 1846 cunone,
1487 1789 1567 1852 tergam
1578 1805 1618 1842 me
1624 1794 1738 1855 arripuis-

954 1886 980 1922 se
994 1876 1116 1936 potantes,
1137 1873 1342 1936 insequebantur:
1356 1880 1430 1938 atque
1441 1878 1526 1927 obvios
1540 1893 1648 1942 συοεηυο
1660 1880 1690 1929 ad
1702 1895 1741 1930 me

955 1960 1209 2023 comprehendendum
1234 1963 1339 2013 clamore
1361 1963 1521 2016 advocabant.
1565 1967 1612 2017 sed
1638 1968 1739 2031 pedibus

956 2050 1015 2099 meis
1038 2049 1089 2098 atas
1111 2048 1204 2099 additas
1220 2050 1292 2099 iniisse
1318 2050 1426 2102 dixisses
1463 2053 1571 2104 Tandem
1600 2056 1739 2106 insanientis

955 2150 1023 2186 more
1038 2139 1175 2187 currentem
1189 2151 1228 2187 mo
1239 2138 1338 2200 quidam
1353 2140 1575 2202 apprehendcnint,
1594 2146 1618 2192 et
1629 2145 1741 2195 custodes

955 2225 1025 2274 simini
1040 2224 1140 2275 aderant
1153 2228 1178 2274 et
1193 2238 1232 2275 me
1245 2226 1338 2276 caedere
1347 2227 1505 2277 conabantur.
1539 2232 1629 2278 veroin
1644 2244 1687 2291 ego
1699 2245 1740 2280 an-

955 2313 1049 2363 dentior
1059 2314 1109 2375 iam
1124 2315 1202 2363 tactus
1213 2317 1297 2363 contra
1307 2315 1350 2364 niti
1362 2330 1367 2362 ι
1378 2315 1411 2365 itii
1424 2328 1463 2364 rne
1479 2315 1509 2364 ad
1521 2329 1642 2367 carcerem
1651 2318 1740 2368 ducere

956 2398 1092 2459 pergebant.

987 2485 1050 2531 xvi.
1074 2486 1166 2533 interca
1186 2483 1298 2534 sacerdos
1312 2486 1335 2532 et
1357 2483 1433 2534 ctinia
1448 2487 1536 2547 praesto
1551 2485 1656 2535 inerunt.
1690 2489 1738 2537 cti·

956 2574 1043 2637 niaque
1057 2576 1130 2638 prior,
1141 2578 1196 2634 Quo
1207 2576 1338 2637 nominem,
1349 2578 1436 2639 inquit,
1447 2572 1549 2627 darcitist
1562 2579 1601 2628 tric
1619 2581 1684 2630 certe
1696 2595 1740 2630 ers·

957 2668 1022 2728 dem,
1036 2667 1105 2728 coins
1114 2667 1244 2719 damnatos
1255 2672 1300 2730 est,
1315 2682 1439 2730 nunqnam
1453 2671 1516 2719 tecit.
1548 2674 1740 2736 sostratnsqno·

955 2773 1004 2822 qne
1027 2759 1110 2809 eadem
1130 2761 1179 2809 tere
1201 2762 1338 2823 singittstim
1368 2764 1502 2823 renitebat.
1526 2763 1638 2826 ejnsqne.
1666 2779 1739 2828 ηιιαιιι

957 2857 1104 2915 μετεωρίσαι
1128 2853 1259 2914 potabant,
1281 2857 1372 2915 patrem
1398 2868 1423 2903 sc
1447 2867 1497 2903 esso
1514 2855 1659 2907 astirmabat.
1693 2861 1739 2916 Qui

957 2943 1069 3003 aderant,
1079 2945 1174 3004 cognita
1189 2958 1227 3005 re,
1240 2945 1324 2995 Dianio
1343 2958 1431 2995 niimen
1446 2945 1556 2996 inridibus
1571 2949 1718 2999 extoiletiaot
1733 2971 1739 2999 z

957 3049 1044 3097 meqrre
1058 3036 1242 3086 circumstantes
1253 3037 1283 3085 ad
1298 3049 1418 3086 carcerem
1428 3036 1483 3087 doci
1496 3038 1618 3089 veniant.
1653 3044 1740 3092 cirsio-

956 3128 998 3177 des
1019 3130 1100 3180 antem
1118 3128 1163 3178 sibi
1188 3129 1292 3179 nominis
1304 3131 1353 3192 jam
1367 3129 1474 3180 damnati
1490 3131 1624 3183 dimittendi
1639 3135 1679 3196 ins
1693 3149 1740 3185 non

957 3236 1007 3274 esse
1021 3224 1190 3282 causabantur,
1205 3224 1283 3274 donec
1296 3224 1407 3275 sacerdos
1418 3228 1526 3277 Sostrate
1541 3232 1624 3279 orante
1636 3231 1742 3280 maxime

957 3320 1098 3381 preeminens
1109 3321 1158 3368 toro
1172 3322 1208 3380 nt,
1231 3333 1287 3369 cnm
1297 3333 1357 3382 opus
1367 3324 1438 3382 esset,
1449 3321 1473 3370 in
1483 3322 1523 3382 jos
1538 3324 1643 3373 venirent
1655 3338 1697 3374 sss
1706 3329 1742 3375 est

958 3417 1041 3464 tactos.
1077 3414 1269 3478 itaqoenincutis
1280 3415 1373 3464 sotntns
1384 3416 1414 3464 ad
1430 3417 1515 3466 Dianae
1540 3431 1614 3480 qnam
1626 3421 1742 3481 ocissimo

957 3509 1082 3569 contendi,
1104 3521 1204 3570 meaqnc
1225 3509 1322 3567 vestigia
1342 3513 1465 3559 sostratus
1480 3515 1682 3573 persecutussed,
1700 3515 1741 3563 sed

956 3604 1038 3653 nescio
1050 3616 1080 3651 an
1095 3604 1146 3665 pari
1161 3615 1257 3652 mecum
1279 3604 1370 3654 taetitia.
1402 3605 1449 3655 sed
1468 3605 1550 3657 nultos
1559 3608 1676 3669 reperitur
1692 3611 1741 3656 tarn

957 3698 1020 3745 ceter
1029 3710 1122 3757 cursor,
1133 3709 1205 3758 quem
1217 3697 1286 3746 iamne
1295 3698 1333 3746 ata
1345 3711 1392 3747 non
1403 3700 1543 3749 antecedat.
1578 3702 1612 3749 Ea
1623 3714 1666 3749 nos
1675 3703 1742 3749 ante-

957 3803 1044 3853 gressa,
1060 3792 1195 3852 Leucippen
1211 3804 1268 3841 ctnn
1282 3791 1313 3839 dc
1324 3791 1377 3840 attis
1390 3791 1515 3849 omnibns,
1530 3796 1582 3842 tom
1597 3792 1627 3840 dc
1642 3793 1741 3841 sostrati

956 3885 1071 3943 advento,
1082 3886 1208 3935 certiorem
1219 3886 1315 3934 iecerat.
1349 3888 1435 3947 ttaqoe
1443 3897 1499 3933 carm
1508 3883 1612 3944 primum
1620 3896 1664 3933 nos
1672 3883 1741 3945 vidit,

957 3977 1040 4025 etano
1056 3977 1139 4026 exiens
1150 3980 1241 4039 patrem
1255 3976 1353 4039 quanm
1372 3978 1498 4038 comptem
1518 3978 1567 4033 est.
1584 3976 1667 4024 ocntns
1685 3989 1742 4024 nero

958 4067 981 4117 in
997 4082 1035 4118 me
1054 4071 1192 4119 convertit:
1209 4083 1252 4130 ειςο
1265 4069 1320 4118 ticet
1332 4070 1364 4117 ob
1379 4071 1479 4119 sostrati
1499 4069 1648 4131 praesentiam
1671 4083 1738 4118 vere·

958 4162 1080 4221 nandans,
1098 4177 1150 4221 me,
1167 4176 1216 4224 qno
1228 4163 1307 4212 minos
1321 4162 1350 4211 ad
1373 4163 1439 4211 ittam
1453 4161 1643 4225 amplectendam
1657 4175 1741 4210 excin-

959 4264 1045 4307 rerem,
1056 4251 1212 4307 continerem,
1225 4253 1361 4314 nontamen
1370 4251 1401 4298 ab
1410 4251 1462 4311 ejirs
1472 4251 1539 4299 voitu
1548 4250 1630 4298 ocrstos
1640 4249 1742 4309 detegere

959 4352 1060 4399 nsquam
1075 4337 1192 4387 vatctmm.
1228 4342 1262 4386 tta
1274 4339 1363 4386 nnrtnis
1372 4351 1415 4386 nos
1425 4339 1550 4386 obtutibus
1561 4338 1622 4386 inter
1631 4351 1673 4385 nos
1682 4338 1742 4386 satu·

934 4402 938 4517 γ
958 4425 1075 4475 tatamen.
