3954 5978
726 1041 1129 1167 PuAEFtrlu.

315 1861 455 1932 Nicetas
470 1858 696 1953 Eugeniauus
715 1855 857 1944 saecu10,
877 1870 917 1925 ut
934 1855 1089 1944 videtur,
1110 1856 1327 1926 duodecimo
1347 1858 1490 1953 scripsit
1509 1881 1586 1927 ver-

267 1981 367 2051 sibus
381 1980 543 2050 iambicis
560 1979 716 2075 politicis
726 1978 771 2048 de
786 1977 948 2047 Drusillae
958 2002 998 2047 ac
1015 1977 1316 2049 Chariclisrebus
1332 1959 1585 2066 narrationem,

267 2104 492 2197 cujusquam
508 2125 606 2170 ntum
624 2100 737 2170 ollero
758 2098 981 2169 collectionis
997 2098 1197 2170 Didotianac
1212 2095 1455 2196 emptoribus,
1474 2100 1586 2172 editio

269 2249 340 2293 non
357 2223 423 2293 suit
438 2221 483 2293 ad
497 2221 676 2318 exemplar
689 2221 950 2316 priorisexacta
965 2246 985 2291 a
1001 2244 1058 2292 me
1068 2246 1165 2292 anim
1185 2223 1274 2320 1819
1289 2238 1427 2293 curatae.
1444 2225 1584 2293 Etenim

266 2347 456 2418 emendata
479 2347 588 2440 magis
605 2370 645 2415 ac
661 2345 830 2416 lacunosa
855 2346 975 2415 miuus
994 2346 1208 2417 invenietur.
1229 2352 1270 2416 ln
1292 2347 1359 2418 bac
1376 2348 1585 2418 recensione

267 2494 397 2563 magno
411 2467 500 2537 mihi
516 2467 581 2538 luit
597 2469 675 2537 usui
694 2467 881 2563 Philippus
899 2469 1039 2554 Bassus,
1054 2467 1190 2564 collega
1204 2467 1434 2571 doctissimus
1449 2484 1484 2538 et
1500 2469 1586 2537 ami-

265 2591 442 2677 cissimus,
465 2590 527 2686 qui
551 2614 571 2659 a
592 2589 814 2683 gravioribus
835 2588 963 2658 studiis
983 2612 1056 2658 non
1076 2589 1151 2658 otio
1172 2613 1210 2658 se
1236 2603 1370 2659 recreat
1392 2613 1433 2658 ac
1453 2588 1584 2685 quiete,

267 2712 330 2783 sed
349 2711 534 2783 laboribus
552 2711 646 2797 aliis,
667 2710 862 2781 levioribus
875 2709 1042 2806 quidem,
1060 2710 1209 2780 eruditis
1226 2726 1358 2780 tamen.
1382 2714 1477 2798 Quas
1492 2712 1586 2782 iuter

196 2868 200 2876 ·
268 2835 518 2922 relaxationes,
543 2857 622 2929 quae
639 2832 856 2903 delassarent
873 2833 980 2920 alios,
1005 2832 1228 2904 numeranda
1254 2832 1434 2903 Euntatbii
1452 2833 1585 2906 Gallica

265 2957 454 3028 conversio
474 2981 557 3026 cum
581 2956 698 3042 notis3
723 2954 834 3025 editio
854 2953 1033 3024 Theodori
1058 2954 1246 3039 Prodromi
1279 2955 1514 3051 mytlristoriae
1541 2958 1585 3028 de

267 3080 475 3152 Rhodantes
499 3104 540 3150 ac
560 3078 714 3149 Dosiclis
736 3102 877 3165 amore,
900 3103 1008 3174 quam
1033 3080 1174 3149 Nicetas
1202 3079 1271 3149 sibi
1295 3081 1483 3175 proposuit
1505 3083 1586 3150 imi·

231 3201 235 3205 ’
267 3201 430 3289 landam,
451 3201 496 3271 ad
518 3199 660 3271 codices
681 3199 807 3269 sedulo
835 3200 1029 3287 recensita3
1046 3213 1080 3270 et
1102 3200 1232 3269 Nicetae
1256 3201 1368 3296 ipsius
1397 3203 1585 3274 conversio

266 3326 400 3396 Gallica
415 3349 498 3394 cum
520 3323 779 3393 commentario
795 3321 904 3392 docto
919 3346 959 3391 ac
976 3320 1174 3407 laborioso,
1195 3322 1431 3421 locorumque
1453 3326 1585 3396 multo·

266 3472 346 3516 rum
363 3438 647 3517 correctionibus
663 3441 996 3539 supplementisque
1017 3469 1058 3514 ex
1077 3443 1268 3515 codicibus
1281 3446 1453 3519 Vaticano
1470 3464 1504 3518 et
1521 3451 1586 3518 Ur·

266 3568 388 3637 binate
414 3564 574 3636 studiose
596 3589 636 3635 ac
660 3563 848 3658 diligenter
872 3566 1045 3638 collectis.
1077 3567 1204 3638 Nicetae
1230 3571 1419 3641 conversio
1449 3571 1586 3642 Gallica

267 3714 347 3785 pars
361 3688 487 3759 debuit
502 3712 578 3757 esse
595 3687 818 3758 collectionis
843 3688 1014 3759 similium
1039 3691 1245 3762 libellorum
1264 3717 1285 3762 a
1301 3692 1500 3791 bibliopola
1528 3701 1587 3766 Pa·

267 3811 378 3892 risino
392 3788 583 3897 iucltoatoe,
600 3836 640 3881 ac
653 3812 744 3907 typis
761 3809 938 3907 descripta
955 3811 1021 3883 fuit
1036 3838 1133 3884 anno
1156 3815 1341 3901 1811181111
1357 3841 1586 3912 quacumque

266 3933 312 4004 de
324 3959 429 4005 causa
442 3934 625 4029 negotium
638 3959 806 4030 processu
821 3950 962 4031 sperato
979 3938 1090 4007 caruit
1103 3952 1138 4008 et
1152 3937 1335 4008 volumina
1348 3937 1458 4008 latent
1468 3937 1590 4009 adhuc

267 4082 467 4154 suppressa.
491 4061 612 4143 Quum
637 4057 738 4128 valde
759 4082 928 4153 quererer
948 4058 993 4128 de
1015 4060 1091 4130 viro
1112 4059 1309 4131 clarissimo
1327 4059 1427 4155 quod
1449 4061 1585 4131 tamdiu

170 4228 182 4249 .
267 4181 392 4250 utilem
407 4178 539 4249 librum
557 4194 711 4265 teneret,
724 4177 793 4248 sibi
817 4178 868 4247 sic
885 4178 1062 4274 nobisque
1076 4178 1280 4266 invidente,
1295 4202 1416 4247 aurem
1434 4179 1585 4274 praebuit

267 4302 477 4389 facilem,ac
503 4302 590 4370 mira
618 4300 840 4393 benignitate
871 4300 1040 4372 volumen
1074 4301 1293 4371 rarissimum
1324 4323 1464 4370 mecum
1490 4326 1586 4371 com·

267 4426 481 4512 municavit,
497 4449 571 4521 quo
587 4439 626 4494 ut
649 4422 776 4493 vellem
801 4437 936 4510 uterer3
955 4438 1065 4518 atque
1087 4447 1167 4493 sum
1191 4449 1277 4493 usus
1294 4422 1340 4493 ad
1363 4424 1585 4495 emendatio-

269 4572 350 4617 nem
375 4548 519 4618 Nicetae.
549 4546 661 4641 igitur
685 4560 725 4615 ut
746 4543 862 4615 editor
888 4538 1016 4640 gratias
1038 4570 1104 4640 ago
1128 4545 1294 4643 Philippo
1319 4551 1444 4632 Basso,
1472 4572 1586 4643 quum

267 4668 343 4761 ejus
365 4692 434 4763 ope
460 4667 639 4764 potuerim
662 4664 805 4737 edendo
830 4667 966 4737 auctori
991 4664 1173 4762 prodesse.
1199 4667 1268 4737 Sed
1291 4668 1403 4738 critici
1434 4667 1585 4739 lectores

267 4789 400 4885 quibus
435 4790 674 4860 mutationum
699 4788 860 4861 rationes
884 4787 993 4859 debui
1022 4813 1201 4885 exponere
1233 4804 1450 4885 querentur,
1476 4790 1590 4886 idque

269 4913 397 4983 merito
419 4937 457 4983 se
481 4936 576 4983 meas
592 4913 721 4984 frustra
742 4913 944 5009 quaesivisse
964 4913 1234 4998 annotationes3
1254 4911 1387 5008 quibus
1410 4938 1584 5010 reponam

268 5032 516 5105 collectionem
544 5033 773 5107 Didotianam
802 5034 1080 5106 commentarios
1106 5059 1179 5104 non
1213 5033 1422 5121 admittere,
1449 5036 1585 5106 scilicet

269 5156 480 5227 destinatam
505 5156 735 5251 extemporali
760 5157 923 5245 lectioni,
950 5182 1024 5228 non
1045 5157 1164 5229 studio
1183 5156 1411 5254 plrilologico.
1439 5164 1589 5232 Bassum
