3930 5954
201 475 256 527 tia

192 602 264 661 νοῦς·
284 599 312 653 οδ
327 594 377 676 γίιρ
395 596 426 654 σίν
442 619 504 653 ποτε
520 598 645 675 ψεύσαιτο
665 598 712 666 τήν
725 597 824 674 κρίσιν·
838 602 860 657 εί
876 598 903 657 δέ
918 600 971 675 μή·

191 683 264 739 αὐτοί
276 683 326 761 γὰρ
337 682 391 740 ίστε
403 675 445 740 οἷα
459 685 524 749 εἰκὸς
539 687 565 740 ἐν
577 684 715 750 τοσαύταις
728 682 809 752 αὐτήν
825 685 975 752 ε’πιὸουλαῖς

190 770 331 845 γενομένην
346 770 508 830 ἄκουσαν....

232 859 274 917 Z'.
294 858 347 917 Καί
366 861 468 927 εθθθςὴ
490 857 649 933 Λευκίππη,
668 858 728 937 πρὶν
745 860 789 916 τόν
804 859 876 938 ίερέα
894 862 975 918 εἰπεῖν

162 970 174 1005 a
190 946 233 1002 τὸν
248 946 305 1014 ἑξῆς
319 944 406 1021 λόγον,
422 948 457 1010 ὥς
471 945 501 1018 γε’
515 969 560 1021 μοι
572 947 657 1015 δοκεῖ,
672 946 738 1021 μηδὲ
752 947 841 1023 εἴπης·
857 947 909 1024 ἐγὼ
925 948 976 1025 γδιρ

191 1032 283 1103 ἑτοίμη
299 1033 334 1095 είς
348 1031 377 1087 τὸ
391 1036 437 1102 τῆς
453 1030 573 1110 σύριγγος
587 1033 716 1101 σπήλαιον
729 1035 852 1092 εἰσελθεῖν
867 1033 911 1091 καὶ
925 1059 976 1113 χω1

191 1119 228 1195 ρίς
254 1118 423 1195 προκλήσεως
450 1122 677 1179 κατακεκλεῖσθαι.
721 1119 818 1196 Ἀγαθὰ
839 1119 937 1198 λέγεις,
962 1126 976 1179 θ

190 1206 271 1283 ἱερεὺς
289 1196 362 1279 είπε,
378 1205 423 1264 καί
443 1230 483 1264 σοι
503 1207 648 1282 συνήδομαι
667 1206 733 1287 ὑπὲρ
748 1207 914 1288 σωφροσύνης
931 1208 975 1264 καί

190 1295 281 1371 τύχης.
324 1296 349 1352 Τ
350 1294 392 1351 ότε
421 1293 469 1368 μὲν
499 1285 542 1351 οῧν
565 1294 677 1373 ἑσπέρας
698 1295 850 1371 γενομένης,
868 1295 976 1360 ἕκαστος

151 1399 173 1433 tu
189 1385 264 1455 ήμῶν
278 1380 358 1458 ἀπήει
369 1381 571 1458 κοιμησόμενος,
583 1381 642 1439 ἔνθα
656 1382 759 1461 θίερεθς
769 1382 974 1462 παρεσκεύασεν.

192 1468 227 1525 'it
246 1470 369 1533 Κλεινίας
394 1469 416 1526 δ’
431 1471 478 1527 ούκ
499 1460 531 1539 ἦν
546 1474 610 1545 ἡμῖν
631 1472 802 1543 συνδειπνῶν,
827 1474 861 1535 ῶς
880 1469 910 1527 ἂν
937 1469 974 1544 μὴ

190 1557 306 1633 φορτικοὶ
328 1556 467 1631 δοκοίημεν
489 1548 606 1636 εἶναιτῷ
625 1558 763 1636 ξενοδόκῳ,
779 1561 837 1615 ἀλλ’
854 1557 913 1615 ἔνθα
931 1556 975 1613 καί

189 1645 235 1714 τήν
250 1642 361 1723 πρόσθεν
375 1644 489 1722 ἡμέραν,
504 1646 549 1702 καὶ
560 1644 607 1716 τήν
625 1644 693 1705 τότε.
737 1645 791 1705 Τὸν
805 1644 903 1722 μέντοι
915 1645 975 1704 Σῶ-

189 1754 300 1811 οτρατον
309 1731 397 1810 ἑώρων
410 1732 636 1810 θποθορυόηθέντα
647 1735 685 1812 τῷ
697 1737 741 1803 τῆς
753 1734 873 1811 σύριγγος
884 1733 976 1809 διηγή-

151 1839 174 1875 ts
190 1844 267 1895 ματι,
281 1820 318 1896 μὴ
333 1815 434 1896 ἄρα’τδι
448 1821 508 1899 περὶ
518 1821 718 1899 τῆςπαρθενίσς
732 1823 764 1879 δι’
775 1823 841 1880 αἰδῶ
853 1822 899 1890 τήν
912 1821 975 1901 πρὸς

190 1910 266 1968 αὐτὸν
279 1907 446 1988 ψευδιθμεθα.
491 1909 611 1966 Διανεύω
624 1909 655 1979 δή
668 1914 701 1988 τῇ
715 1910 856 1988 Λευκίππη
866 1910 975 1984 νεύματι

190 2002 283 2075 ἀφανεῖ
297 1995 339 2052 τὸν
354 1995 432 2073 ρύθον
445 2000 491 2052 τοῦ
506 1996 603 2074 πατρὸς
618 1996 722 2067 ἐξελεῖν,
737 1996 914 2070 ἐπισταμένην
929 1993 975 2073 οίιρ

190 2085 221 2150 δή
233 2082 321 2160 τρόπῳ
338 2082 453 2157 μάλιστα
468 2079 550 2139 οἴεται
563 2083 674 2142 πείσειν.
720 2083 837 2150 Κάκείνη
854 2082 876 2138 δ’
892 2082 975 2139 ἐδόκει

190 2194 234 2244 μοι
249 2170 343 2227 ταύτόν
356 2170 521 2239 ὑποπτεύειν,
539 2168 608 2227 dccc
620 2171 689 2249 ταχύ
703 2194 753 2246 μου
766 2173 871 2238 συνῆκε,
915 2174 975 2226 Διε-

151 2285 176 2312 a·
191 2262 272 2316 νοεῖτο
288 2257 315 2315 δὲ
337 2257 381 2313 καὶ
405 2258 456 2335 πρὸ
470 2264 515 2314 τοῦ
537 2259 676 2337 παρ’ἐμοῦ
702 2261 844 2334 νεύματος,
868 2259 923 2321 πῶς
943 2256 974 2313 ἂν

190 2345 362 2421 κοσμιώτατα
375 2344 560 2423 προσενεχθείη
575 2349 611 2424 τῷ
626 2346 789 2421 πιστῶματι,
834 2344 974 2403 Μέλλουσα

191 2427 235 2491 οὖν
252 2433 314 2512 πρὸς
327 2432 405 2490 ὕπνον
421 2436 578 2511 ἀναχωρεῖν,
595 2434 639 2490 καὶ
653 2432 822 2509 ἀσπαζομένη
836 2431 880 2489 τὸν
894 2431 975 2489 πατέ·

191 2546 240 2599 ρα,
255 2521 341 2600 ἠρέμα
371 2519 433 2597 πρὸς
458 2521 545 2591 αὐτὸν,
569 2519 686 2598 Θάρρει,
711 2521 810 2598 πάτερ,
832 2518 896 2597 ἑρη,
916 2517 975 2597 περί

190 2614 269 2683 ἐμοῦ,
285 2609 329 2665 καί
344 2608 450 2664 πίστευε
464 2615 516 2673 τοῖς
527 2606 682 2685 εἰρημένοις.
725 2606 772 2663 Μὰ
784 2605 832 2677 τήν
850 2608 900 2684 γὰρ
914 2604 974 2685 ''ilp-

150 2718 176 2752 an
192 2721 278 2773 τεμιν,
297 2695 429 2773 οὐδέτερος
444 2697 520 2768 ήμῶν
534 2692 608 2751 οὐδέν
627 2694 765 2773 ἐψεύσατο.
807 2697 849 2774 Τῇ
862 2695 884 2751 δ’
899 2697 975 2752 ὓστε-

191 2786 251 2863 ραίορ
279 2782 340 2860 περὶ
363 2782 410 2853 πλν
425 2783 535 2859 θεωρίαν
560 2774 657 2851 {aaut
671 2805 699 2839 τε
725 2780 880 2861 Σώστρατος
901 2782 976 2840 καίδ
998 2794 1001 2853 ξ

191 2871 287 2948 ἱερεὺς,
303 2870 348 2927 καί
374 2868 580 2947 ηὖτρεπισμέναι
604 2862 672 2938 ἦσαν
695 2873 721 2925 αῖ
742 2870 837 2930 θυσίαι.
883 2873 976 2948 Ιίαρήν

193 2960 219 3015 δὲ
236 2958 311 3027 καὶὴ
329 2957 408 3035 βουλή
425 2956 569 3030 μεθέξουσα
579 2960 631 3013 τῶν
644 2956 754 3035 ἱερείων.
800 2956 934 3033 Εὖρημίαι
953 2958 974 3013 δ’

190 3039 256 3117 ἦσαν
280 3048 315 3111 εἰς
329 3046 376 3113 τήν
397 3045 453 3101 θεδν
473 3045 587 3115 πολλαὶ,
603 3045 675 3102 καὶὸ
694 3044 858 3123 Θέρσανδρος
878 3045 974 3121 (ἔτυχε

150 3155 176 3192 uu
190 3133 240 3210 γάρ
255 3134 299 3190 καί
314 3133 388 3195 αὐτὸς
399 3131 510 3208 παρὼν)
536 3130 686 3208 προσελθὼν
703 3135 739 3208 τῷ
753 3131 884 3211 προέδριμ,
902 3133 975 3206 ΙΙρό-

190 3224 290 3297 γραψον
312 3222 346 3282 εἰς
370 3217 468 3295 αὔριον,
487 3218 554 3296 ἔρη,
570 3218 616 3283 ci<
632 3218 691 3296 περί
711 3221 786 3292 ήμῶν
813 3217 902 3286 δίκας,
918 3216 974 3274 ἐπεὶ

191 3307 293 3365 καὶτὸν
313 3305 530 3381 καταγνωσθέντα
554 3328 596 3363 σοι
615 3310 674 3384 χθὲς
701 3305 751 3376 ήδη
778 3306 843 3370 τινὲς
866 3305 973 3375 ἔλυσαν,

192 3397 264 3453 >reid
288 3394 424 3462 Σωσθένης
451 3394 521 3449 ἐστὶν
546 3396 671 3469 οὐδαμοῦ.
717 3394 908 3471 ΙΙρογέγραπτο
928 3391 975 3466 μέν

192 3475 235 3540 οὖν
251 3487 285 3548 είς
303 3482 351 3550 τήν
373 3479 512 3558 ὑστεραίαν
531 3486 548 3551 iq
568 3483 637 3551 δίκη,
683 3480 935 3559 Παρεσκευαζόμεθα
952 3480 974 3536 δ’

152 3595 178 3631 aa
193 3572 268 3646 ἡμεῖς
285 3569 346 3647 μόλ’
360 3572 494 3646 εὐπρεπῶς
508 3569 619 3648 ἔχοντες.

234 3659 277 3719 it'.
302 3657 433 3726 Ἱίκούσης
451 3657 479 3714 δὲ
497 3662 544 3726 τῆς
563 3658 672 3736 κυρίας,
694 3658 887 3735 δΘέρσανδρος
904 3648 974 3714 εἶπεν

192 3737 256 3802 ῶδε·
278 3747 325 3803 οὐκ
346 3735 403 3802 οῖδα
423 3744 489 3809 τίνος
504 3742 624 3822 ἄρξωμαι
638 3744 716 3819 λόγου
734 3745 781 3803 καλ
797 3743 893 3819 πόθεν,
916 3743 974 3802 οὐδὲ

191 3837 267 3890 τίνων
279 3830 455 3910 κατηγορήσω
470 3834 575 3909 πρῶτον
602 3832 647 3887 καί
668 3830 744 3887 τίνων
758 3831 887 3909 δεύτερον.
932 3832 976 3889 Τό

192 3943 219 3976 τε
242 3920 292 3998 γὰρ
312 3917 495 3993 τετολμημένα
518 3915 604 3974 nolli·
626 3918 676 3974 ὑπὸ
695 3919 816 3987 πολλῶν,
837 3919 881 3975 καὶ
902 3918 974 3976 οὐδὲν

152 4029 178 4064 ru
193 4008 293 4072 οὐδενός
304 4010 341 4080 τῷ
354 4006 456 4081 μεγέθει
470 4003 603 4082 δεύτερον·
616 4004 703 4061 πάντα
714 4005 736 4061 δ’
747 4005 869 4073 ἀλλήλοιν
879 4003 974 4081 γυμνὰ,

193 4096 237 4153 καί
256 4094 314 4170 μεθ’
327 4086 363 4151 ῶν
381 4095 436 4150 οὐδ’
450 4092 481 4149 ἀν
497 4091 606 4171 ἅψωμαι
619 4094 781 4170 κατηγορῶν.
821 4092 863 4152 Τό
880 4115 908 4149 τε
925 4091 975 4170 γὰρ

193 4189 238 4251 τῆς
248 4186 332 4261 ψυχῆς
345 4180 502 4259 κρατούσης,
516 4179 647 4257 ροόοῦμαι
662 4179 699 4254 μὴ
713 4179 806 4250 ἀτελής
819 4203 864 4256 μοι
876 4184 889 4236 ὁ
901 4181 974 4257 λόγος
997 4214 1000 4241 r

192 4271 319 4345 γένηται,
342 4274 387 4337 τῆς
408 4271 459 4326 τῶν
487 4267 573 4324 ἄλλοιν
597 4268 703 4343 μνήμης
725 4267 775 4339 τήν
795 4270 914 4345 γλῶτταν
934 4270 973 4342 ἐρ’
997 4246 1001 4313 ί

193 4360 302 4418 ἕκαστον
316 4359 450 4426 ἑλκούσης.
487 4354 520 4414 ‘ll
534 4355 584 4434 γάρ
597 4357 632 4421 εἰς
645 4356 673 4413 τὸ
687 4356 769 4432 μήπω
778 4353 869 4434 λεχθέν
883 4355 976 4421 ἔπειξις

154 4466 180 4502 io
194 4454 238 4507 τοῦ
259 4448 336 4524 λόγου
355 4448 386 4503 τό
404 4445 546 4523 ὁλόκληρον
567 4448 617 4501 τῶν
637 4444 688 4515 ἤδη
709 4442 855 4523 λεχθέντων
875 4466 975 4520 παραι-

194 4542 286 4612 ρεῖται.
339 4531 425 4593 Ὅταν
450 4530 498 4608 μέν
520 4531 571 4610 γίιρ
594 4530 721 4611 ρονεύωσι
743 4537 802 4598 τοὺς
825 4530 975 4611 ἀλλοτρίους

193 4623 294 4689 οἰκέτας
316 4624 340 4680 οί
359 4620 467 4699 μοιχοί,
491 4618 634 4698 μοιχεόωσι
656 4619 681 4678 δὲ
701 4619 748 4685 τάς
767 4619 905 4699 ἀλλοτρίας
925 4643 974 4696 γυ·

193 4720 284 4775 ναῖκας
305 4711 328 4765 ot
343 4711 441 4786 φονεῖς,
460 4708 556 4765 λύωσιν
571 4708 594 4764 δ’
608 4712 672 4782 ἡμῖν
689 4706 734 4773 τάς
752 4707 858 4786 θεωρίας
873 4709 897 4764 οἱ
911 4729 973 4785 πορ-

193 4795 331 4867 νοθοσκολ,
355 4794 388 4850 τὰ
409 4794 436 4851 δὲ
456 4796 605 4869 σεμνότατα
626 4801 678 4854 τῶν
696 4798 772 4872 ἱερῶν
791 4794 929 4870 μιαίνωσιν
949 4797 975 4851 αἱ
999 4830 1002 4843 ‚

155 4902 181 4936 cu
195 4884 298 4962 πόρναι,
314 4881 361 4945 τίς
373 4883 474 4959 ἡμέρας
486 4882 512 4939 δέ
527 4884 701 4961 λογιζόμενος,
716 4883 734 4954 ἢ
746 4884 801 4950 ταῖς
816 4884 919 4949 δούλαις
931 4882 975 4940 καί

194 4978 247 5035 τοῖς
265 4968 413 5037 δεσπόταις,
426 4966 452 5025 τί
466 4969 569 5047 δράσειέ
581 4994 618 5037 τις
632 4971 680 5041 ἔτι,
695 4972 775 5049 [τῆς]
791 4970 900 5047 ἀνομίας
911 4972 976 5046 ὁμσῦ

199 5058 244 5114 καί
262 5054 395 5132 μοιχείας,
412 5054 457 5112 καὶ
474 5056 595 5123 ἀσεόιίας
618 5059 663 5114 καί
678 5057 827 5133 μιαιφονίας
849 5079 977 5133 κεκερασ-

200 5143 294 5219 μένηςς
309 5140 498 5216 Κατεγνώκατί
507 5165 573 5208 τινος
585 5144 703 5215 θάνατον,
720 5145 759 5224 ἀρ’
772 5134 812 5211 αἶς
821 5145 853 5213 δή
863 5147 923 5202 ποτ’
933 5135 977 5201 οὖν

200 5231 307 5302 αἰτίαις,
324 5226 395 5287 οὐδέν
410 5227 460 5305 γάρ
476 5229 599 5306 διαφέρει,
616 5233 660 5288 καὶ
673 5230 807 5307 δεδεμένον
822 5234 858 5297 εἰς
874 5231 903 5289 τδ
919 5232 977 5289 δεσ·
1000 5245 1003 5267 ·

998 2582 1001 2597 t

855 469 1032 528 acitittls
1052 470 1155 529 Tatii

1024 622 1130 672 nuquam
1146 611 1222 659 lranrii
1238 613 1291 660 tuit.
1325 614 1365 661 siu
1378 614 1474 671 ruinas,
1489 627 1531 661 ros
1546 615 1609 662 euim
1627 616 1689 664 coire
1700 615 1811 675 ricberta,

1023 710 1095 757 quarn
1112 697 1188 746 inulta
1205 698 1333 747 rer·isinrilc
1350 703 1385 747 est
1400 713 1455 747 earn
1469 702 1507 748 rel
1523 701 1623 749 invitam
1636 703 1809 763 (pertulisset,

1023 785 1062 832 cui
1077 785 1148 833 toties
1163 786 1187 833 iu
1197 785 1363 835 incirliatorum
1376 801 1462 836 manus
1473 788 1586 838 devenire
1596 791 1703 852 coritigit.

1054 875 1107 921 vri.
1120 876 1184 921 'firm
1204 874 1337 936 Leucippe,
1349 877 1480 937 antequam
1499 879 1608 938 coptum
1620 890 1755 926 sermonem
1768 891 1808 926 aa·

1023 960 1107 1008 cordos
1120 958 1212 1019 liniret,
1231 962 1303 1022 Atqui
1312 998 1319 1021 ,
1329 975 1406 1023 quum
1422 963 1469 1011 troo
1478 962 1627 1012 decreverim
1640 964 1733 1023 tacere,
1747 966 1809 1014 nitrit

1024 1047 1115 1106 addas,
1136 1048 1261 1107 egoenim
1286 1048 1373 1098 tiatutae
1392 1052 1489 1099 autrum
1512 1055 1606 1112 promte
1623 1052 1713 1113 ingredi
1734 1056 1810 1114 atque

1022 1134 1064 1195 riu,
1077 1148 1107 1182 nc
1118 1139 1246 1196 provocata
1260 1135 1367 1197 quidem,
1377 1136 1496 1187 concludi.
1531 1141 1573 1188 au
1587 1138 1611 1186 id
1630 1139 1707 1197 milri,
1728 1138 1809 1202 inquit

1022 1222 1149 1281 sacerdos,
1177 1223 1352 1284 perirrcnudum
1375 1240 1380 1272 :
1400 1229 1516 1286 tuamque
1534 1226 1576 1273 riui
1596 1227 1769 1275 continentiam
1784 1233 1809 1276 et

1023 1310 1161 1359 felicitatem
1174 1311 1289 1371 gratulor.
1307 1312 1352 1361 Sed
1366 1326 1423 1361 curn
1434 1313 1483 1374 jam
1495 1290 1688 1376 adresperaaset,
1698 1319 1809 1363 nostruin

1022 1399 1206 1460 unusquisque,
1220 1398 1261 1448 ubi
1280 1400 1390 1449 sacerdos
1403 1401 1597 1463 praescripserat,
1612 1401 1721 1451 cubitum
1738 1404 1807 1451 atriit.

1022 1486 1098 1534 Clinia
1111 1487 1236 1536 nobiscum
1255 1488 1443 1550 haudquaquam
1464 1493 1619 1547 rmncrerat,
1633 1490 1718 1550 hospiti
1742 1492 1809 1539 enirn

1021 1575 1088 1623 oneri
1109 1588 1160 1623 εεαο
1180 1576 1336 1634 nolebamus,
1359 1576 1399 1626 sed
1421 1590 1450 1625 eo
1464 1590 1489 1626 ce
1512 1579 1649 1639 receperat,
1670 1578 1710 1626 ubi
1732 1555 1810 1640 pridie

1022 1676 1121 1724 quoque
1132 1663 1360 1713 iueratdirersatns.
1393 1667 1515 1714 curemur
1528 1666 1659 1723 Sostratus,
1670 1666 1698 1714 iia
1708 1666 1807 1723 orieldis,

1022 1763 1076 1811 qnae
1090 1750 1210 1800 donatulo
1223 1755 1319 1801 πεττεία
1335 1752 1443 1812 irrerant,
1455 1753 1579 1802 subvereri
1592 1753 1661 1801 uobis
1681 1752 1745 1800 visin
1757 1758 1808 1807 est.

1022 1851 1053 1885 ne
1065 1838 1210 1887 remundis
1221 1851 1277 1901 erga
1289 1852 1315 1888 se
1327 1844 1407 1888 nostra
1423 1839 1453 1888 ad
1466 1840 1628 1889 incutiendam
1642 1840 1808 1900 virginitatem

1021 1925 1204 1975 arldnccremur.
1238 1928 1402 1984 Quamobrem
1410 1941 1452 1989 equ
1460 1928 1617 1990 puellaeclam
1626 1931 1686 1976 nutu
1694 1927 1808 1986 indicari,

1022 2015 1049 2061 ut
1062 2014 1129 2062 illrun
1143 2015 1204 2075 patri
1214 2015 1326 2063 timorem
1338 2016 1456 2064 eximeret
1468 2029 1474 2057 ι
1487 2028 1535 2076 quo
1544 2016 1608 2064 enirn
1619 2016 1725 2064 inarime
1734 2018 1810 2064 morlo

1023 2100 1045 2146 id
1065 2100 1086 2149 ei
1106 2100 1274 2162 remorderet,
1296 2101 1428 2163 didicerat,
1448 2102 1560 2164 idemque
1581 2104 1606 2151 et
1626 2105 1677 2164 ipsa
1691 2105 1807 2164 suqrieari

1024 2187 1082 2235 rnilri
1096 2188 1145 2236 risa
1157 2189 1241 2238 iuerat.
1276 2188 1339 2246 Quid
1359 2190 1422 2237 euim
1436 2202 1505 2237 meus
1518 2190 1558 2238 ille
1572 2192 1646 2238 nrrtrrs
1657 2190 1701 2237 sibi
1720 2191 1806 2247 uellet,

1021 2275 1103 2322 statim
1117 2276 1240 2336 percepit:
1255 2288 1284 2323 ao
1298 2275 1349 2334 jum
1361 2277 1435 2323 etiam
1448 2276 1517 2333 arcte,
1532 2275 1640 2336 quernei
1657 2288 1807 2332 annuerem,

1023 2363 1138 2410 rrouuuila
1148 2364 1340 2423 excogitarerat,
1350 2362 1379 2410 ad
1393 2360 1585 2424 persuadendum
1595 2373 1669 2424 quam
1681 2363 1808 2423 appositis·

1022 2447 1091 2494 sima.
1127 2447 1242 2496 cubitum
1262 2448 1327 2496 euim
1358 2449 1437 2507 itura,
1457 2451 1525 2509 quatre
1546 2449 1666 2507 satrrtato,
1696 2449 1809 2511 lrouoque

1022 2540 1103 2588 annno
1122 2553 1174 2589 csse
1193 2540 1277 2602 jusso,
1299 2540 1398 2601 vorbis,
1420 2541 1511 2602 inquit,
1532 2547 1607 2602 pater,
1626 2543 1715 2591 nostris
1733 2542 1807 2591 talem

1022 2635 1084 2685 trabe
1097 2655 1104 2684 ε
1116 2650 1187 2686 nemo
1198 2637 1262 2684 euim
1275 2639 1400 2694 nostrum,
1421 2636 1453 2684 ila
1466 2650 1504 2684 ure
1518 2636 1592 2684 Diana
1604 2642 1698 2694 servet,
1716 2636 1765 2685 ulla
1784 2637 1808 2684 iu

1023 2744 1048 2779 rc
1064 2732 1180 2779 mentitus
1199 2735 1242 2780 ost.
1276 2731 1394 2780 Postridie
1416 2732 1479 2780 illius
1496 2732 1558 2789 diei,
1578 2746 1634 2780 euru
1657 2733 1763 2783 rictionn
1784 2735 1809 2784 iu

1022 2822 1134 2881 prorrrpiu
1154 2826 1248 2879 emeat,
1266 2823 1387 2870 Sostratus
1407 2825 1431 2870 ot
1450 2821 1560 2871 sacerdos
1576 2824 1649 2871 sacris
1668 2825 1810 2885 peragendis

1022 2924 1120 2972 operam
1134 2912 1311 2973 impenderunt.
1346 2915 1466 2962 Corrreuit
1479 2916 1560 2962 aulem
1580 2916 1653 2963 etiarn
1670 2915 1759 2964 diriore
1772 2918 1808 2965 rei

1022 3005 1141 3068 particeps
1154 3007 1234 3055 irrtrrra
1246 3009 1339 3056 concio
1375 3010 1477 3070 iterque
1493 3022 1579 3069 rrragno
1590 3023 1646 3057 curn
1667 3010 1751 3071 plausu
1765 3024 1808 3057 ac-

1022 3100 1152 3148 clamatum
1168 3102 1212 3149 est.
1246 3101 1396 3150 Thersander
1411 3106 1493 3150 autem
1510 3102 1607 3162 (aderat
1621 3105 1685 3151 eninr
1702 3104 1808 3165 etipse)

1022 3194 1047 3241 in
1063 3194 1171 3255 'arcendis
1184 3199 1338 3258 conspectum
1352 3202 1504 3257 progressus,
1515 3197 1702 3259 Vadimonium,
1718 3197 1809 3260 impuli,

1022 3289 1090 3339 uobis
1104 3292 1272 3340 incrastinum
1292 3291 1364 3340 diiler
1378 3306 1385 3334 ι
1398 3305 1471 3353 quem
1484 3291 1547 3341 enim
1565 3296 1591 3340 tu
1607 3293 1657 3359 lrcri
1674 3292 1809 3353 damnasti,

1023 3384 1129 3432 nonnulli
1142 3384 1240 3433 naissum
1252 3384 1374 3443 iecerunt,
1394 3385 1570 3447 Sostlrenesque
1584 3398 1702 3447 οιιιηιισιιι
1713 3387 1809 3435 iuveni-

1022 3482 1069 3527 tur.
1104 3481 1190 3541 ltaque
1211 3481 1301 3526 iactrrm
1324 3479 1378 3528 luti.
1411 3483 1507 3542 itusque
1530 3481 1634 3536 intereo,
1656 3483 1683 3529 ut
1703 3481 1810 3531 radimo·

1022 3572 1089 3619 uium
1104 3571 1172 3633 louge
1186 3572 1318 3633 paratiores
1328 3573 1468 3632 obiterque,
1479 3585 1577 3634 operam
1593 3572 1712 3621 dedimus.

1052 3668 1118 3714 viii.
1138 3664 1212 3726 enjus
1229 3678 1284 3712 cum
1302 3664 1353 3713 dies
1371 3664 1466 3713 tandem
1481 3665 1634 3723 aduenisset,
1653 3667 1806 3715 Thersander

1023 3754 1087 3801 trrrnc
1102 3753 1124 3799 in
1142 3751 1241 3801 modum
1254 3752 1326 3801 rerira
1339 3752 1395 3802 lecit
1409 3770 1415 3801 τ
1429 3753 1523 3810 Quibus
1535 3754 1590 3801 utar
1605 3753 1698 3814 verbis,
1713 3753 1810 3803 undere

1022 3840 1117 3888 initium
1138 3839 1232 3887 dicendi
1250 3853 1361 3900 marnam,
1383 3854 1444 3901 quos
1462 3840 1544 3903 prius,
1564 3843 1589 3889 et
1608 3854 1670 3901 quos
1691 3843 1810 3902 {meterius

1021 3939 1142 3987 accusem,
1155 3940 1203 3975 non
1214 3927 1272 3975 eatis
1282 3927 1332 3975 scio
1344 3941 1351 3974 ι
1365 3927 1442 3976 multa
1451 3927 1517 3977 enim
1529 3934 1552 3977 et
1564 3941 1578 3975 a
1591 3929 1673 3977 multis
1686 3928 1807 3978 arniacter

1022 4016 1100 4075 iacta,
1120 4014 1179 4063 milri
1198 4014 1299 4063 dicanda
1313 4027 1364 4064 scae
1379 4015 1499 4075 otleruut,
1518 4015 1683 4077 magnitudine
1702 4018 1765 4064 inter
1782 4029 1810 4064 se

1022 4111 1097 4172 pieria,
1112 4110 1217 4158 ornuiaa
1228 4122 1255 4159 se
1266 4110 1369 4159 inrioenr
1379 4116 1497 4172 separata,
1512 4124 1618 4173 quorum
1629 4110 1724 4158 nullum
1736 4122 1809 4157 ueru-

1021 4203 1097 4252 raudo
1104 4203 1183 4253 totum
1196 4215 1307 4252 enarrare
1319 4217 1424 4265 possurn
1458 4207 1519 4253 tiarn
1532 4217 1570 4261 ea,
1583 4216 1639 4264 qum
1648 4202 1808 4250 anirnuseou·

1022 4298 1099 4359 repit,
1118 4310 1202 4346 vereor
1219 4299 1246 4346 ut
1258 4296 1379 4359 explicaro
1390 4296 1499 4345 oratioue
1516 4296 1612 4358 possins,
1629 4294 1729 4344 auarum
1745 4309 1808 4355 piru-

1021 4390 1103 4439 sertim
1123 4402 1203 4438 rerum
1224 4389 1339 4438 anemoria
1358 4389 1462 4450 linguam
1477 4389 1507 4436 ad
1521 4401 1547 4437 ae
1563 4388 1682 4437 trahente.
1714 4388 1808 4448 Quippe

1021 4484 1080 4531 doru
1097 4482 1126 4530 ad
1143 4482 1183 4530 illa
1195 4495 1250 4543 qum
1262 4480 1369 4529 nondum
1386 4480 1450 4530 dicta
1466 4482 1537 4540 srrut,
1553 4481 1631 4528 oratio
1644 4480 1752 4537 festinat,
1772 4480 1807 4525 ia·

1022 4577 1135 4625 crrltatem
1155 4575 1212 4637 cripi
1228 4575 1287 4623 milri
1301 4574 1392 4633 sentio,
1412 4572 1558 4634 quominus
1574 4586 1611 4621 res
1623 4571 1672 4632 jam
1685 4574 1808 4633 susceptas

1022 4670 1154 4718 absolvam.
1187 4667 1281 4716 Etenim
1301 4679 1356 4714 curn
1374 4666 1475 4713 aliorum
1493 4677 1575 4713 servos
1591 4664 1692 4713 adulteri
1707 4666 1808 4721 necent,

1022 4763 1111 4810 alienas
1131 4760 1244 4821 conjuges
1260 4758 1337 4806 sicarii
1362 4757 1471 4816 violent,
1492 4755 1638 4805 tlreoriarum
1656 4755 1808 4803 sanctitatem

1023 4857 1121 4905 lenones
1141 4856 1245 4911 tollunt.
1267 4854 1414 4902 sanctissima
1434 4855 1541 4901 Deorum
1560 4851 1649 4910 terrrpla
1670 4850 1809 4899 meretrices

1024 4954 1162 5015 profanent,
1181 4951 1218 4999 sin
1236 4953 1322 5009 eiiam,
1340 4951 1381 5011 qui
1400 4949 1494 4998 aucillis
1505 4948 1617 5010 lucrisque
1633 4946 1695 4995 diem
1712 4944 1808 5002 (luant,

1023 5048 1082 5112 quid
1105 5047 1175 5096 iaciat
1196 5045 1250 5106 quis
1268 5044 1363 5095 violatia
1381 5047 1488 5107 tegibus,
1509 5042 1643 5101 adulteriis,
1663 5040 1810 5103 sacrilegiis,

1023 5141 1131 5191 curtibus
1142 5138 1288 5188 cumulatis?
1304 5142 1394 5197 Unum,
1409 5151 1501 5200 qrrmso,
1514 5136 1619 5198 aliquem
1632 5148 1674 5183 rus
1683 5133 1768 5195 quouis
1778 5132 1810 5179 de

1022 5251 1095 5286 carisa
1112 5236 1182 5297 (nitril
1203 5235 1266 5284 enirn
1279 5235 1365 5293 reteri)
1380 5233 1467 5294 rapitis
1481 5232 1608 5289 darunnte,
1624 5220 1704 5291 'ratque
1720 5230 1744 5275 iu
1763 5240 1808 5274 eu·
