<?xml version="1.0" encoding="UTF-8"?>
<!DOCTYPE html PUBLIC "-//W3C//DTD XHTML 1.0 Transitional//EN"
    "http://www.w3.org/TR/xhtml1/DTD/xhtml1-transitional.dtd">
<html xmlns="http://www.w3.org/1999/xhtml" xml:lang="en" lang="en">
 <head>
  <title>
</title>
<meta http-equiv="Content-Type" content="text/html;charset=utf-8" />
  <meta name='ocr-system' content='tesseract 3.04.00' />
  <meta name='ocr-capabilities' content='ocr_page ocr_carea ocr_par ocr_line ocrx_word'/>
</head>
<body>
  <div class='ocr_page' id='page_1' title='image "./ertiknlognsyngr01conggoog/ertiknlognsyngr01conggoog_0364.png"; bbox 0 0 3932 5946; ppageno 0'>
   <div class='ocr_carea' id='block_1_1' title="bbox 821 468 990 529">
    <p class='ocr_par' dir='ltr' id='par_1_1' title="bbox 821 468 990 529">
     <span class='ocr_line' id='line_1_1' title="bbox 821 468 990 529; baseline 0 -2"><span class='ocrx_word' id='word_1_1' title='bbox 821 468 930 529; x_wconf 74' lang='lat' dir='ltr'>tturztt</span> <span class='ocrx_word' id='word_1_2' title='bbox 954 469 990 527; x_wconf 89' lang='lat' dir='ltr'>V.</span> 
     </span>
    </p>
   </div>
   <div class='ocr_carea' id='block_1_2' title="bbox 45 597 880 4611">
    <p class='ocr_par' dir='ltr' id='par_1_2' title="bbox 45 597 880 4611">
     <span class='ocr_line' id='line_1_2' title="bbox 91 597 880 682; baseline -0.006 -21"><span class='ocrx_word' id='word_1_3' title='bbox 91 603 215 682; x_wconf 60' lang='grc' dir='ltr'>ἐφόλκιον</span> <span class='ocrx_word' id='word_1_4' title='bbox 230 600 351 671; x_wconf 74' lang='grc' dir='ltr'>εἰσύῆναι</span> <span class='ocrx_word' id='word_1_5' title='bbox 365 598 409 656; x_wconf 81' lang='grc' dir='ltr'>καὶ</span> <span class='ocrx_word' id='word_1_6' title='bbox 424 598 515 666; x_wconf 77' lang='grc' dir='ltr'>σόνζειν</span> <span class='ocrx_word' id='word_1_7' title='bbox 529 597 619 664; x_wconf 75' lang='grc' dir='ltr'>αύτούς</span> <span class='ocrx_word' id='word_1_8' title='bbox 635 601 656 656; x_wconf 86' lang='grc' dir='ltr'>εί</span> <span class='ocrx_word' id='word_1_9' title='bbox 671 600 803 677; x_wconf 81' lang='grc' dir='ltr'>βούλεσθε.</span> <span class='ocrx_word' id='word_1_10' title='bbox 845 601 880 657; x_wconf 80' lang='lat' dir='ltr'>Oi</span> 
     </span>
     <span class='ocr_line' id='line_1_3' title="bbox 90 684 880 766; baseline -0.005 -21"><span class='ocrx_word' id='word_1_11' title='bbox 90 690 143 766; x_wconf 79' lang='grc' dir='ltr'>μὲν</span> <span class='ocrx_word' id='word_1_12' title='bbox 164 693 248 747; x_wconf 73' lang='grc' dir='ltr'>ταῦτα</span> <span class='ocrx_word' id='word_1_13' title='bbox 272 684 433 764; x_wconf 83' lang='grc' dir='ltr'>προύτεινον.</span> <span class='ocrx_word' id='word_1_14' title='bbox 474 687 547 743; x_wconf 82' lang='grc' dir='ltr'>(λῖθ’</span> <span class='ocrx_word' id='word_1_15' title='bbox 569 685 613 744; x_wconf 80' lang='grc' dir='ltr'>ἐπὶ</span> <span class='ocrx_word' id='word_1_16' title='bbox 630 690 676 755; x_wconf 74' lang='grc' dir='ltr'>τῆς</span> <span class='ocrx_word' id='word_1_17' title='bbox 696 686 817 755; x_wconf 83' lang='grc' dir='ltr'>όλκάδος,</span> <span class='ocrx_word' id='word_1_18' title='bbox 832 685 880 751; x_wconf 75' lang='grc' dir='ltr'>ἕως</span> 
     </span>
     <span class='ocr_line' id='line_1_4' title="bbox 89 772 880 853; baseline -0.008 -18"><span class='ocrx_word' id='word_1_19' title='bbox 89 778 143 853; x_wconf 79' lang='grc' dir='ltr'>μὲν</span> <span class='ocrx_word' id='word_1_20' title='bbox 158 777 292 835; x_wconf 84' lang='grc' dir='ltr'>ιἰκίνδυνον</span> <span class='ocrx_word' id='word_1_21' title='bbox 308 772 398 850; x_wconf 80' lang='grc' dir='ltr'>μάχην</span> <span class='ocrx_word' id='word_1_22' title='bbox 413 773 459 831; x_wconf 81' lang='grc' dir='ltr'>καί</span> <span class='ocrx_word' id='word_1_23' title='bbox 473 772 588 847; x_wconf 87' lang='grc' dir='ltr'>πόλεμον</span> <span class='ocrx_word' id='word_1_24' title='bbox 602 773 763 847; x_wconf 73' lang='grc' dir='ltr'>ἀναίμακτον</span> <span class='ocrx_word' id='word_1_25' title='bbox 782 772 880 848; x_wconf 81' lang='grc' dir='ltr'>ἠγωνί-</span> 
     </span>
     <span class='ocr_line' id='line_1_5' title="bbox 89 853 837 941; baseline -0.009 -18"><span class='ocrx_word' id='word_1_26' title='bbox 89 871 186 937; x_wconf 85' lang='grc' dir='ltr'>ζοντο,</span> <span class='ocrx_word' id='word_1_27' title='bbox 199 869 302 941; x_wconf 81' lang='grc' dir='ltr'>θρασεῖς</span> <span class='ocrx_word' id='word_1_28' title='bbox 313 863 335 919; x_wconf 89' lang='grc' dir='ltr'>τ’</span> <span class='ocrx_word' id='word_1_29' title='bbox 350 853 418 933; x_wconf 77' lang='grc' dir='ltr'>ήσαν</span> <span class='ocrx_word' id='word_1_30' title='bbox 430 859 475 918; x_wconf 79' lang='grc' dir='ltr'>καί</span> <span class='ocrx_word' id='word_1_31' title='bbox 488 862 535 917; x_wconf 83' lang='grc' dir='ltr'>οὐκ</span> <span class='ocrx_word' id='word_1_32' title='bbox 548 859 578 916; x_wconf 86' lang='grc' dir='ltr'>διν</span> <span class='ocrx_word' id='word_1_33' title='bbox 591 860 690 938; x_wconf 78' lang='grc' dir='ltr'>ἔρεισεν</span> <span class='ocrx_word' id='word_1_34' title='bbox 703 862 837 930; x_wconf 67' lang='grc' dir='ltr'>ἐκστῆναι.</span> 
     </span>
     <span class='ocr_line' id='line_1_6' title="bbox 60 946 879 1024; baseline -0.004 -18"><span class='ocrx_word' id='word_1_35' title='bbox 60 970 75 1006; x_wconf 80' lang='grc' dir='ltr'>ιν</span> <span class='ocrx_word' id='word_1_36' title='bbox 135 949 204 1013; x_wconf 76' lang='lat' dir='ltr'>KE‘.</span> <span class='ocrx_word' id='word_1_37' title='bbox 226 948 305 1008; x_wconf 81' lang='grc' dir='ltr'>Ἐπεί</span> <span class='ocrx_word' id='word_1_38' title='bbox 315 946 343 1006; x_wconf 83' lang='grc' dir='ltr'>δέ</span> <span class='ocrx_word' id='word_1_39' title='bbox 354 971 393 1013; x_wconf 90' lang='grc' dir='ltr'>τις</span> <span class='ocrx_word' id='word_1_40' title='bbox 404 951 456 1004; x_wconf 82' lang='grc' dir='ltr'>τῶν</span> <span class='ocrx_word' id='word_1_41' title='bbox 468 950 571 1024; x_wconf 77' lang='grc' dir='ltr'>λῃστῶν</span> <span class='ocrx_word' id='word_1_42' title='bbox 584 947 795 1022; x_wconf 86' lang='grc' dir='ltr'>ὁτολμηρότερος</span> <span class='ocrx_word' id='word_1_43' title='bbox 803 948 879 1003; x_wconf 81' lang='grc' dir='ltr'>ἐναλ·</span> 
     </span>
     <span class='ocr_line' id='line_1_7' title="bbox 89 1032 878 1115; baseline -0.009 -18"><span class='ocrx_word' id='word_1_44' title='bbox 89 1040 189 1115; x_wconf 90' lang='grc' dir='ltr'>άμενος</span> <span class='ocrx_word' id='word_1_45' title='bbox 199 1039 234 1102; x_wconf 84' lang='grc' dir='ltr'>εἰς</span> <span class='ocrx_word' id='word_1_46' title='bbox 245 1037 292 1104; x_wconf 78' lang='grc' dir='ltr'>τήν</span> <span class='ocrx_word' id='word_1_47' title='bbox 303 1041 365 1093; x_wconf 76' lang='grc' dir='ltr'>ναῦν</span> <span class='ocrx_word' id='word_1_48' title='bbox 376 1034 421 1092; x_wconf 81' lang='grc' dir='ltr'>καὶ</span> <span class='ocrx_word' id='word_1_49' title='bbox 431 1034 517 1092; x_wconf 84' lang='grc' dir='ltr'>παίων</span> <span class='ocrx_word' id='word_1_50' title='bbox 527 1037 564 1111; x_wconf 80' lang='grc' dir='ltr'>τῷ</span> <span class='ocrx_word' id='word_1_51' title='bbox 573 1032 638 1112; x_wconf 78' lang='grc' dir='ltr'>ξίρει</span> <span class='ocrx_word' id='word_1_52' title='bbox 650 1033 708 1099; x_wconf 81' lang='grc' dir='ltr'>τοὺς</span> <span class='ocrx_word' id='word_1_53' title='bbox 718 1034 878 1112; x_wconf 85' lang='grc' dir='ltr'>πρυστυχύν·</span> 
     </span>
     <span class='ocr_line' id='line_1_8' title="bbox 89 1120 878 1205; baseline -0.009 -21"><span class='ocrx_word' id='word_1_54' title='bbox 89 1151 158 1195; x_wconf 76' lang='grc' dir='ltr'>τας,</span> <span class='ocrx_word' id='word_1_55' title='bbox 171 1126 240 1205; x_wconf 79' lang='grc' dir='ltr'>ρόνῳ</span> <span class='ocrx_word' id='word_1_56' title='bbox 253 1123 297 1181; x_wconf 81' lang='grc' dir='ltr'>καί</span> <span class='ocrx_word' id='word_1_57' title='bbox 308 1122 413 1201; x_wconf 81' lang='grc' dir='ltr'>θανάτῳ</span> <span class='ocrx_word' id='word_1_58' title='bbox 427 1122 558 1200; x_wconf 89' lang='grc' dir='ltr'>κρίνεσθαι</span> <span class='ocrx_word' id='word_1_59' title='bbox 570 1120 613 1178; x_wconf 82' lang='grc' dir='ltr'>τὸν</span> <span class='ocrx_word' id='word_1_60' title='bbox 623 1120 737 1197; x_wconf 89' lang='grc' dir='ltr'>πόλεμον</span> <span class='ocrx_word' id='word_1_61' title='bbox 753 1121 878 1194; x_wconf 80' lang='grc' dir='ltr'>ἐδίδαξεν,</span> 
     </span>
     <span class='ocr_line' id='line_1_9' title="bbox 90 1207 880 1295; baseline -0.003 -24"><span class='ocrx_word' id='word_1_62' title='bbox 90 1214 224 1295; x_wconf 77' lang='grc' dir='ltr'>ι’ρήλοιντο</span> <span class='ocrx_word' id='word_1_63' title='bbox 236 1211 263 1269; x_wconf 81' lang='grc' dir='ltr'>δὲ</span> <span class='ocrx_word' id='word_1_64' title='bbox 275 1211 320 1268; x_wconf 79' lang='grc' dir='ltr'>καί</span> <span class='ocrx_word' id='word_1_65' title='bbox 334 1212 357 1267; x_wconf 78' lang='grc' dir='ltr'>οἱ</span> <span class='ocrx_word' id='word_1_66' title='bbox 371 1210 459 1268; x_wconf 85' lang='grc' dir='ltr'>λοιποὶ</span> <span class='ocrx_word' id='word_1_67' title='bbox 471 1207 579 1280; x_wconf 88' lang='grc' dir='ltr'>πάντες,</span> <span class='ocrx_word' id='word_1_68' title='bbox 590 1207 648 1266; x_wconf 87' lang='grc' dir='ltr'>τότε</span> <span class='ocrx_word' id='word_1_69' title='bbox 661 1208 693 1278; x_wconf 79' lang='grc' dir='ltr'>δὴ</span> <span class='ocrx_word' id='word_1_70' title='bbox 707 1208 880 1284; x_wconf 73' lang='grc' dir='ltr'>μετεμέλοντο</span> 
     </span>
     <span class='ocr_line' id='line_1_10' title="bbox 89 1295 878 1375; baseline -0.01 -16"><span class='ocrx_word' id='word_1_71' title='bbox 89 1306 115 1359; x_wconf 85' lang='grc' dir='ltr'>οἱ</span> <span class='ocrx_word' id='word_1_72' title='bbox 130 1300 253 1364; x_wconf 82' lang='grc' dir='ltr'>Φοίνικες</span> <span class='ocrx_word' id='word_1_73' title='bbox 262 1297 307 1356; x_wconf 83' lang='grc' dir='ltr'>καί</span> <span class='ocrx_word' id='word_1_74' title='bbox 317 1296 508 1375; x_wconf 88' lang='grc' dir='ltr'>προσπεσόντες</span> <span class='ocrx_word' id='word_1_75' title='bbox 519 1295 665 1375; x_wconf 78' lang='grc' dir='ltr'>ἀπέχεσθαι</span> <span class='ocrx_word' id='word_1_76' title='bbox 673 1299 745 1374; x_wconf 78' lang='grc' dir='ltr'>σφῶν</span> <span class='ocrx_word' id='word_1_77' title='bbox 755 1296 878 1367; x_wconf 75' lang='grc' dir='ltr'>ἱκέτευον,</span> 
     </span>
     <span class='ocr_line' id='line_1_11' title="bbox 46 1380 878 1467; baseline -0.005 -23"><span class='ocrx_word' id='word_1_78' title='bbox 46 1410 71 1444; x_wconf 79' lang='grc' dir='ltr'>ιιι</span> <span class='ocrx_word' id='word_1_79' title='bbox 89 1390 133 1467; x_wconf 78' lang='grc' dir='ltr'>ἐρ’</span> <span class='ocrx_word' id='word_1_80' title='bbox 148 1380 215 1466; x_wconf 63' lang='lat' dir='ltr'>diris</span> <span class='ocrx_word' id='word_1_81' title='bbox 232 1384 489 1464; x_wconf 74' lang='grc' dir='ltr'>προσταχθησόμενα</span> <span class='ocrx_word' id='word_1_82' title='bbox 511 1382 639 1454; x_wconf 81' lang='grc' dir='ltr'>ποιήσειν.</span> <span class='ocrx_word' id='word_1_83' title='bbox 680 1386 715 1444; x_wconf 82' lang='lat' dir='ltr'>Oi</span> <span class='ocrx_word' id='word_1_84' title='bbox 728 1383 771 1459; x_wconf 74' lang='grc' dir='ltr'>δὲ,</span> <span class='ocrx_word' id='word_1_85' title='bbox 784 1383 878 1462; x_wconf 90' lang='grc' dir='ltr'>καίπερ</span> 
     </span>
     <span class='ocr_line' id='line_1_12' title="bbox 89 1469 879 1555; baseline -0.004 -23"><span class='ocrx_word' id='word_1_86' title='bbox 89 1480 146 1549; x_wconf 75' lang='grc' dir='ltr'>ἤδη</span> <span class='ocrx_word' id='word_1_87' title='bbox 160 1477 304 1555; x_wconf 81' lang='grc' dir='ltr'>ρονῶντες,</span> <span class='ocrx_word' id='word_1_88' title='bbox 319 1470 428 1549; x_wconf 77' lang='grc' dir='ltr'>αἵματος</span> <span class='ocrx_word' id='word_1_89' title='bbox 442 1471 493 1551; x_wconf 76' lang='grc' dir='ltr'>γλρ</span> <span class='ocrx_word' id='word_1_90' title='bbox 514 1471 570 1551; x_wconf 80' lang='grc' dir='ltr'>ὄψις</span> <span class='ocrx_word' id='word_1_91' title='bbox 585 1469 749 1550; x_wconf 79' lang='grc' dir='ltr'>φρονήματος</span> <span class='ocrx_word' id='word_1_92' title='bbox 763 1472 879 1547; x_wconf 89' lang='grc' dir='ltr'>γίγνεται</span> 
     </span>
     <span class='ocr_line' id='line_1_13' title="bbox 90 1558 878 1639; baseline -0.01 -15"><span class='ocrx_word' id='word_1_93' title='bbox 90 1565 233 1639; x_wconf 82' lang='grc' dir='ltr'>στόμωσις,</span> <span class='ocrx_word' id='word_1_94' title='bbox 244 1564 274 1619; x_wconf 73' lang='grc' dir='ltr'>ἐκ</span> <span class='ocrx_word' id='word_1_95' title='bbox 285 1559 489 1639; x_wconf 87' lang='grc' dir='ltr'>προστάγματος</span> <span class='ocrx_word' id='word_1_96' title='bbox 499 1565 544 1617; x_wconf 75' lang='grc' dir='ltr'>τοῦ</span> <span class='ocrx_word' id='word_1_97' title='bbox 552 1559 698 1638; x_wconf 87' lang='grc' dir='ltr'>Τραχίνου,</span> <span class='ocrx_word' id='word_1_98' title='bbox 711 1558 774 1636; x_wconf 83' lang='grc' dir='ltr'>παρ’</span> <span class='ocrx_word' id='word_1_99' title='bbox 784 1558 878 1617; x_wconf 79' lang='grc' dir='ltr'>ἐλπίδα</span> 
     </span>
     <span class='ocr_line' id='line_1_14' title="bbox 91 1644 877 1727; baseline -0.003 -22"><span class='ocrx_word' id='word_1_100' title='bbox 91 1658 184 1707; x_wconf 80' lang='grc' dir='ltr'>πᾶσαν</span> <span class='ocrx_word' id='word_1_101' title='bbox 216 1647 345 1727; x_wconf 78' lang='grc' dir='ltr'>ἐρείδοντα</span> <span class='ocrx_word' id='word_1_102' title='bbox 370 1648 423 1702; x_wconf 83' lang='grc' dir='ltr'>τῶν</span> <span class='ocrx_word' id='word_1_103' title='bbox 449 1644 643 1704; x_wconf 81' lang='grc' dir='ltr'>ὑποπεσόντων.</span> <span class='ocrx_word' id='word_1_104' title='bbox 686 1644 823 1721; x_wconf 84' lang='grc' dir='ltr'>Ἐγίγνετο</span> <span class='ocrx_word' id='word_1_105' title='bbox 854 1647 877 1702; x_wconf 87' lang='grc' dir='ltr'>δ’</span> 
     </span>
     <span class='ocr_line' id='line_1_15' title="bbox 90 1730 877 1812; baseline -0.005 -20"><span class='ocrx_word' id='word_1_106' title='bbox 90 1736 221 1799; x_wconf 78' lang='grc' dir='ltr'>ἄσπονδος</span> <span class='ocrx_word' id='word_1_107' title='bbox 235 1731 364 1812; x_wconf 73' lang='grc' dir='ltr'>ἐκεχειρία</span> <span class='ocrx_word' id='word_1_108' title='bbox 376 1730 423 1789; x_wconf 81' lang='grc' dir='ltr'>καλ</span> <span class='ocrx_word' id='word_1_109' title='bbox 436 1731 550 1807; x_wconf 84' lang='grc' dir='ltr'>πόλεμος</span> <span class='ocrx_word' id='word_1_110' title='bbox 562 1731 646 1811; x_wconf 81' lang='grc' dir='ltr'>ἔργοις</span> <span class='ocrx_word' id='word_1_111' title='bbox 657 1735 671 1789; x_wconf 84' lang='grc' dir='ltr'>θ</span> <span class='ocrx_word' id='word_1_112' title='bbox 682 1731 877 1810; x_wconf 86' lang='grc' dir='ltr'>χαλεπώτατος,</span> 
     </span>
     <span class='ocr_line' id='line_1_16' title="bbox 46 1817 877 1904; baseline -0.002 -25"><span class='ocrx_word' id='word_1_113' title='bbox 46 1843 70 1879; x_wconf 85' lang='grc' dir='ltr'>ιε</span> <span class='ocrx_word' id='word_1_114' title='bbox 90 1824 198 1904; x_wconf 75' lang='grc' dir='ltr'>εἰρήνης</span> <span class='ocrx_word' id='word_1_115' title='bbox 211 1820 320 1899; x_wconf 73' lang='grc' dir='ltr'>ὀνόματι</span> <span class='ocrx_word' id='word_1_116' title='bbox 332 1819 399 1899; x_wconf 83' lang='grc' dir='ltr'>νόθῳ</span> <span class='ocrx_word' id='word_1_117' title='bbox 419 1817 629 1898; x_wconf 82' lang='grc' dir='ltr'>παραλυόμενος,</span> <span class='ocrx_word' id='word_1_118' title='bbox 644 1818 773 1890; x_wconf 81' lang='grc' dir='ltr'>συνθήκης</span> <span class='ocrx_word' id='word_1_119' title='bbox 789 1824 877 1900; x_wconf 85' lang='grc' dir='ltr'>βαρυ-</span> 
     </span>
     <span class='ocr_line' id='line_1_17' title="bbox 89 1904 878 1989; baseline -0.005 -21"><span class='ocrx_word' id='word_1_120' title='bbox 89 1912 169 1989; x_wconf 80' lang='grc' dir='ltr'>τέρας</span> <span class='ocrx_word' id='word_1_121' title='bbox 183 1909 262 1968; x_wconf 82' lang='grc' dir='ltr'>πλὲον</span> <span class='ocrx_word' id='word_1_122' title='bbox 283 1904 301 1979; x_wconf 74' lang='grc' dir='ltr'>ἢ</span> <span class='ocrx_word' id='word_1_123' title='bbox 322 1911 369 1978; x_wconf 63' lang='grc' dir='ltr'>τῆς</span> <span class='ocrx_word' id='word_1_124' title='bbox 384 1906 474 1987; x_wconf 87' lang='grc' dir='ltr'>μάχης</span> <span class='ocrx_word' id='word_1_125' title='bbox 493 1905 652 1986; x_wconf 81' lang='grc' dir='ltr'>ὁριζομένης.</span> <span class='ocrx_word' id='word_1_126' title='bbox 695 1905 749 1967; x_wconf 78' lang='grc' dir='ltr'>Σὺν</span> <span class='ocrx_word' id='word_1_127' title='bbox 767 1906 804 1965; x_wconf 80' lang='grc' dir='ltr'>ἑνὶ</span> <span class='ocrx_word' id='word_1_128' title='bbox 827 1907 878 1987; x_wconf 75' lang='grc' dir='ltr'>γάρ</span> 
     </span>
     <span class='ocr_line' id='line_1_18' title="bbox 72 1993 877 2079; baseline -0.007 -22"><span class='ocrx_word' id='word_1_129' title='bbox 72 1999 243 2079; x_wconf 66' lang='grc' dir='ltr'>ιχιτωνίσκῳ</span> <span class='ocrx_word' id='word_1_130' title='bbox 265 1999 311 2066; x_wconf 80' lang='grc' dir='ltr'>τῆς</span> <span class='ocrx_word' id='word_1_131' title='bbox 325 1995 434 2061; x_wconf 80' lang='grc' dir='ltr'>ὁλκάδος</span> <span class='ocrx_word' id='word_1_132' title='bbox 455 1993 604 2061; x_wconf 78' lang='grc' dir='ltr'>ἐξίστασθαι</span> <span class='ocrx_word' id='word_1_133' title='bbox 620 1993 811 2075; x_wconf 87' lang='grc' dir='ltr'>προηγορεύετο</span> <span class='ocrx_word' id='word_1_134' title='bbox 833 2018 877 2052; x_wconf 88' lang='grc' dir='ltr'>και</span> 
     </span>
     <span class='ocr_line' id='line_1_19' title="bbox 91 2081 878 2164; baseline -0.008 -20"><span class='ocrx_word' id='word_1_135' title='bbox 91 2087 203 2152; x_wconf 82' lang='grc' dir='ltr'>θάνατος</span> <span class='ocrx_word' id='word_1_136' title='bbox 214 2088 251 2164; x_wconf 76' lang='grc' dir='ltr'>τῷ</span> <span class='ocrx_word' id='word_1_137' title='bbox 261 2082 452 2163; x_wconf 74' lang='grc' dir='ltr'>παραύαίνοντι</span> <span class='ocrx_word' id='word_1_138' title='bbox 463 2083 632 2153; x_wconf 83' lang='grc' dir='ltr'>διηπειλεῖτο.</span> <span class='ocrx_word' id='word_1_139' title='bbox 674 2082 744 2140; x_wconf 80' lang='grc' dir='ltr'>Ἀλλ’</span> <span class='ocrx_word' id='word_1_140' title='bbox 752 2081 831 2153; x_wconf 87' lang='grc' dir='ltr'>ἔστιν,</span> <span class='ocrx_word' id='word_1_141' title='bbox 844 2086 878 2148; x_wconf 82' lang='grc' dir='ltr'>ὡς</span> 
     </span>
     <span class='ocr_line' id='line_1_20' title="bbox 92 2168 877 2251; baseline -0.005 -20"><span class='ocrx_word' id='word_1_142' title='bbox 92 2174 193 2246; x_wconf 82' lang='grc' dir='ltr'>ἔοικεν,</span> <span class='ocrx_word' id='word_1_143' title='bbox 211 2170 356 2251; x_wconf 77' lang='grc' dir='ltr'>ἀνθρώποις</span> <span class='ocrx_word' id='word_1_144' title='bbox 367 2168 440 2250; x_wconf 78' lang='grc' dir='ltr'>ψυχή</span> <span class='ocrx_word' id='word_1_145' title='bbox 455 2169 561 2228; x_wconf 85' lang='grc' dir='ltr'>πάντων</span> <span class='ocrx_word' id='word_1_146' title='bbox 582 2168 778 2247; x_wconf 85' lang='grc' dir='ltr'>προτιμότερον·</span> <span class='ocrx_word' id='word_1_147' title='bbox 793 2171 825 2227; x_wconf 84' lang='grc' dir='ltr'>δι’</span> <span class='ocrx_word' id='word_1_148' title='bbox 845 2170 877 2239; x_wconf 81' lang='grc' dir='ltr'>ἣν</span> 
     </span>
     <span class='ocr_line' id='line_1_21' title="bbox 45 2255 877 2327; baseline 0.001 -13"><span class='ocrx_word' id='word_1_149' title='bbox 45 2280 76 2314; x_wconf 77' lang='grc' dir='ltr'>οι·</span> <span class='ocrx_word' id='word_1_150' title='bbox 92 2260 139 2318; x_wconf 83' lang='grc' dir='ltr'>καὶ</span> <span class='ocrx_word' id='word_1_151' title='bbox 152 2259 211 2317; x_wconf 83' lang='grc' dir='ltr'>τότε</span> <span class='ocrx_word' id='word_1_152' title='bbox 226 2260 250 2316; x_wconf 77' lang='grc' dir='ltr'>οἱ</span> <span class='ocrx_word' id='word_1_153' title='bbox 264 2258 387 2323; x_wconf 86' lang='grc' dir='ltr'>Φοίνικες</span> <span class='ocrx_word' id='word_1_154' title='bbox 398 2258 501 2323; x_wconf 74' lang='grc' dir='ltr'>ἐλπίδος</span> <span class='ocrx_word' id='word_1_155' title='bbox 512 2255 626 2316; x_wconf 89' lang='grc' dir='ltr'>πλούτου</span> <span class='ocrx_word' id='word_1_156' title='bbox 642 2260 689 2327; x_wconf 85' lang='grc' dir='ltr'>τ’ής</span> <span class='ocrx_word' id='word_1_157' title='bbox 702 2255 765 2322; x_wconf 81' lang='grc' dir='ltr'>νεὼς</span> <span class='ocrx_word' id='word_1_158' title='bbox 778 2258 877 2316; x_wconf 79' lang='grc' dir='ltr'>ἀποσυ-</span> 
     </span>
     <span class='ocr_line' id='line_1_22' title="bbox 91 2342 877 2424; baseline -0.004 -18"><span class='ocrx_word' id='word_1_159' title='bbox 91 2347 223 2424; x_wconf 85' lang='grc' dir='ltr'>λόιμενοι,</span> <span class='ocrx_word' id='word_1_160' title='bbox 246 2345 365 2424; x_wconf 88' lang='grc' dir='ltr'>καθάπερ</span> <span class='ocrx_word' id='word_1_161' title='bbox 387 2344 416 2402; x_wconf 86' lang='grc' dir='ltr'>οὖ</span> <span class='ocrx_word' id='word_1_162' title='bbox 430 2344 597 2422; x_wconf 79' lang='grc' dir='ltr'>στερούμενοι</span> <span class='ocrx_word' id='word_1_163' title='bbox 612 2344 754 2423; x_wconf 86' lang='grc' dir='ltr'>κερδαίνειν</span> <span class='ocrx_word' id='word_1_164' title='bbox 769 2342 796 2402; x_wconf 78' lang='grc' dir='ltr'>δὲ</span> <span class='ocrx_word' id='word_1_165' title='bbox 812 2344 877 2421; x_wconf 80' lang='grc' dir='ltr'>μέλ·</span> 
     </span>
     <span class='ocr_line' id='line_1_23' title="bbox 90 2430 877 2512; baseline -0.005 -17"><span class='ocrx_word' id='word_1_166' title='bbox 90 2440 196 2507; x_wconf 87' lang='grc' dir='ltr'>λσντες,</span> <span class='ocrx_word' id='word_1_167' title='bbox 210 2434 280 2500; x_wconf 85' lang='grc' dir='ltr'>ὅστις</span> <span class='ocrx_word' id='word_1_168' title='bbox 293 2434 418 2512; x_wconf 84' lang='grc' dir='ltr'>πρότερος</span> <span class='ocrx_word' id='word_1_169' title='bbox 429 2430 473 2489; x_wconf 81' lang='grc' dir='ltr'>τὸν</span> <span class='ocrx_word' id='word_1_170' title='bbox 487 2431 573 2510; x_wconf 71' lang='grc' dir='ltr'>ἕτερον</span> <span class='ocrx_word' id='word_1_171' title='bbox 592 2432 693 2511; x_wconf 81' lang='grc' dir='ltr'>ρθάσας</span> <span class='ocrx_word' id='word_1_172' title='bbox 705 2431 812 2503; x_wconf 67' lang='lat' dir='ltr'>caresta</span> <span class='ocrx_word' id='word_1_173' title='bbox 831 2437 877 2491; x_wconf 77' lang='grc' dir='ltr'>τοῦ</span> 
     </span>
     <span class='ocr_line' id='line_1_24' title="bbox 93 2520 877 2604; baseline -0.008 -21"><span class='ocrx_word' id='word_1_174' title='bbox 93 2522 225 2604; x_wconf 84' lang='grc' dir='ltr'>σκάρους,</span> <span class='ocrx_word' id='word_1_175' title='bbox 237 2521 394 2598; x_wconf 75' lang='grc' dir='ltr'>ἠπείγοντο,</span> <span class='ocrx_word' id='word_1_176' title='bbox 408 2524 500 2578; x_wconf 78' lang='grc' dir='ltr'>θᾶττον</span> <span class='ocrx_word' id='word_1_177' title='bbox 512 2521 539 2577; x_wconf 75' lang='grc' dir='ltr'>ἐν</span> <span class='ocrx_word' id='word_1_178' title='bbox 553 2521 592 2600; x_wconf 72' lang='grc' dir='ltr'>τῷ</span> <span class='ocrx_word' id='word_1_179' title='bbox 608 2520 706 2599; x_wconf 77' lang='grc' dir='ltr'>βεόοιίῳ</span> <span class='ocrx_word' id='word_1_180' title='bbox 718 2525 763 2578; x_wconf 80' lang='grc' dir='ltr'>τοῦ</span> <span class='ocrx_word' id='word_1_181' title='bbox 776 2528 877 2600; x_wconf 83' lang='grc' dir='ltr'>περιεῖ-</span> 
     </span>
     <span class='ocr_line' id='line_1_25' title="bbox 93 2607 596 2686; baseline -0.006 -16"><span class='ocrx_word' id='word_1_182' title='bbox 93 2635 137 2670; x_wconf 87' lang='grc' dir='ltr'>ναι</span> <span class='ocrx_word' id='word_1_183' title='bbox 152 2610 271 2686; x_wconf 89' lang='grc' dir='ltr'>γενέσθαι</span> <span class='ocrx_word' id='word_1_184' title='bbox 285 2618 336 2675; x_wconf 80' lang='grc' dir='ltr'>πᾶς</span> <span class='ocrx_word' id='word_1_185' title='bbox 349 2630 387 2672; x_wconf 89' lang='grc' dir='ltr'>τις</span> <span class='ocrx_word' id='word_1_186' title='bbox 403 2607 596 2684; x_wconf 78' lang='grc' dir='ltr'>ἁμιλλώμενος.</span> 
     </span>
     <span class='ocr_line' id='line_1_26' title="bbox 45 2695 877 2775; baseline 0.002 -22"><span class='ocrx_word' id='word_1_187' title='bbox 45 2716 76 2753; x_wconf 74' lang='grc' dir='ltr'>τε</span> <span class='ocrx_word' id='word_1_188' title='bbox 136 2697 213 2775; x_wconf 69' lang='lat' dir='ltr'>lt&#39;C&#39;.</span> <span class='ocrx_word' id='word_1_189' title='bbox 236 2695 312 2757; x_wconf 80' lang='grc' dir='ltr'>Ἐπεί</span> <span class='ocrx_word' id='word_1_190' title='bbox 333 2695 360 2754; x_wconf 81' lang='grc' dir='ltr'>δί</span> <span class='ocrx_word' id='word_1_191' title='bbox 380 2696 425 2755; x_wconf 82' lang='grc' dir='ltr'>καὶ</span> <span class='ocrx_word' id='word_1_192' title='bbox 446 2700 523 2771; x_wconf 75' lang='grc' dir='ltr'>ἡμεῖς</span> <span class='ocrx_word' id='word_1_193' title='bbox 536 2699 574 2774; x_wconf 78' lang='grc' dir='ltr'>τῷ</span> <span class='ocrx_word' id='word_1_194' title='bbox 596 2695 707 2770; x_wconf 81' lang='grc' dir='ltr'>δόγματι</span> <span class='ocrx_word' id='word_1_195' title='bbox 729 2696 877 2772; x_wconf 81' lang='grc' dir='ltr'>πειθόμενοι</span> 
     </span>
     <span class='ocr_line' id='line_1_27' title="bbox 93 2781 876 2863; baseline -0.004 -21"><span class='ocrx_word' id='word_1_196' title='bbox 93 2784 281 2863; x_wconf 85' lang='grc' dir='ltr'>παρήειμεν,θ</span> <span class='ocrx_word' id='word_1_197' title='bbox 297 2785 428 2861; x_wconf 82' lang='grc' dir='ltr'>Τραχῖνος</span> <span class='ocrx_word' id='word_1_198' title='bbox 442 2786 487 2852; x_wconf 78' lang='grc' dir='ltr'>τ’ής</span> <span class='ocrx_word' id='word_1_199' title='bbox 502 2781 663 2862; x_wconf 84' lang='grc' dir='ltr'>Χαρικλείας</span> <span class='ocrx_word' id='word_1_200' title='bbox 677 2782 876 2859; x_wconf 71' lang='grc' dir='ltr'>ἐπιλαθόμενος,</span> 
     </span>
     <span class='ocr_line' id='line_1_28' title="bbox 94 2859 876 2952; baseline -0.005 -20"><span class='ocrx_word' id='word_1_201' title='bbox 94 2875 196 2944; x_wconf 85' lang='grc' dir='ltr'>Οὐδὲν,</span> <span class='ocrx_word' id='word_1_202' title='bbox 206 2871 271 2952; x_wconf 80' lang='grc' dir='ltr'>έρη,</span> <span class='ocrx_word' id='word_1_203' title='bbox 286 2871 350 2951; x_wconf 84' lang='grc' dir='ltr'>πρὸς</span> <span class='ocrx_word' id='word_1_204' title='bbox 365 2871 393 2929; x_wconf 78' lang='grc' dir='ltr'>σὲ</span> <span class='ocrx_word' id='word_1_205' title='bbox 412 2870 477 2928; x_wconf 74' lang='lat' dir='ltr'>dd’b</span> <span class='ocrx_word' id='word_1_206' title='bbox 493 2870 621 2946; x_wconf 86' lang='grc' dir='ltr'>πόλεμος,</span> <span class='ocrx_word' id='word_1_207' title='bbox 634 2859 656 2927; x_wconf 76' lang='grc' dir='ltr'><em>ὦ</em></span> <span class='ocrx_word' id='word_1_208' title='bbox 669 2870 796 2948; x_wconf 78' lang='grc' dir='ltr'>φιλτάτη,</span> <span class='ocrx_word' id='word_1_209' title='bbox 810 2870 876 2929; x_wconf 69' lang='grc' dir='ltr'>ἀλλὰ</span> 
     </span>
     <span class='ocr_line' id='line_1_29' title="bbox 93 2950 875 3035; baseline -0.003 -18"><span class='ocrx_word' id='word_1_210' title='bbox 93 2959 136 3018; x_wconf 74' lang='grc' dir='ltr'>διδ</span> <span class='ocrx_word' id='word_1_211' title='bbox 151 2959 180 3017; x_wconf 79' lang='grc' dir='ltr'>σὲ</span> <span class='ocrx_word' id='word_1_212' title='bbox 193 2958 331 3035; x_wconf 88' lang='grc' dir='ltr'>γεγένηται</span> <span class='ocrx_word' id='word_1_213' title='bbox 350 2957 394 3017; x_wconf 80' lang='grc' dir='ltr'>καὶ</span> <span class='ocrx_word' id='word_1_214' title='bbox 407 2957 448 3015; x_wconf 84' lang='grc' dir='ltr'>σοί</span> <span class='ocrx_word' id='word_1_215' title='bbox 463 2958 548 3015; x_wconf 78' lang='grc' dir='ltr'>πάλαι</span> <span class='ocrx_word' id='word_1_216' title='bbox 563 2957 607 3014; x_wconf 81' lang='grc' dir='ltr'>καί</span> <span class='ocrx_word' id='word_1_217' title='bbox 621 2955 647 3025; x_wconf 77' lang='grc' dir='ltr'>ἐξ</span> <span class='ocrx_word' id='word_1_218' title='bbox 659 2950 688 3015; x_wconf 73' lang='grc' dir='ltr'>οὗ</span> <span class='ocrx_word' id='word_1_219' title='bbox 702 2957 726 3034; x_wconf 90' lang='grc' dir='ltr'>γ’</span> <span class='ocrx_word' id='word_1_220' title='bbox 738 2959 875 3017; x_wconf 74' lang='grc' dir='ltr'>ἀπολελοί-</span> 
     </span>
     <span class='ocr_line' id='line_1_30' title="bbox 93 3043 877 3119; baseline -0.005 -14"><span class='ocrx_word' id='word_1_221' title='bbox 93 3071 161 3105; x_wconf 73' lang='lat' dir='ltr'>aare</span> <span class='ocrx_word' id='word_1_222' title='bbox 174 3045 220 3117; x_wconf 72' lang='lat' dir='ltr'>rip</span> <span class='ocrx_word' id='word_1_223' title='bbox 235 3044 400 3116; x_wconf 78' lang='grc' dir='ltr'>Ζακυνθίων,</span> <span class='ocrx_word' id='word_1_224' title='bbox 416 3044 531 3119; x_wconf 80' lang='grc' dir='ltr'>ἕπομαι,</span> <span class='ocrx_word' id='word_1_225' title='bbox 544 3049 667 3102; x_wconf 77' lang='grc' dir='ltr'>τοσοῦτον</span> <span class='ocrx_word' id='word_1_226' title='bbox 680 3043 754 3102; x_wconf 78' lang='grc' dir='ltr'>ἕνεκα</span> <span class='ocrx_word' id='word_1_227' title='bbox 770 3050 817 3102; x_wconf 74' lang='grc' dir='ltr'>σοῖν</span> <span class='ocrx_word' id='word_1_228' title='bbox 832 3045 877 3102; x_wconf 84' lang='grc' dir='ltr'>καί</span> 
     </span>
     <span class='ocr_line' id='line_1_31' title="bbox 47 3128 877 3212; baseline -0.007 -18"><span class='ocrx_word' id='word_1_229' title='bbox 47 3156 76 3194; x_wconf 77' lang='grc' dir='ltr'>ευ</span> <span class='ocrx_word' id='word_1_230' title='bbox 93 3136 208 3209; x_wconf 81' lang='grc' dir='ltr'>πέλαγος</span> <span class='ocrx_word' id='word_1_231' title='bbox 217 3132 262 3189; x_wconf 82' lang='grc' dir='ltr'>καί</span> <span class='ocrx_word' id='word_1_232' title='bbox 270 3132 386 3189; x_wconf 86' lang='grc' dir='ltr'>κίνδυνον</span> <span class='ocrx_word' id='word_1_233' title='bbox 397 3130 594 3205; x_wconf 80' lang='grc' dir='ltr'>ἀναδεξάμενος.</span> <span class='ocrx_word' id='word_1_234' title='bbox 636 3128 720 3190; x_wconf 82' lang='grc' dir='ltr'>Ὥστε</span> <span class='ocrx_word' id='word_1_235' title='bbox 731 3131 821 3212; x_wconf 84' lang='grc' dir='ltr'>θάρσει</span> <span class='ocrx_word' id='word_1_236' title='bbox 833 3132 877 3189; x_wconf 83' lang='grc' dir='ltr'>καί</span> 
     </span>
     <span class='ocr_line' id='line_1_32' title="bbox 94 3217 877 3294; baseline -0.006 -15"><span class='ocrx_word' id='word_1_237' title='bbox 94 3223 146 3279; x_wconf 87' lang='grc' dir='ltr'>ῖσθι</span> <span class='ocrx_word' id='word_1_238' title='bbox 155 3221 278 3279; x_wconf 85' lang='grc' dir='ltr'>δέσποινα</span> <span class='ocrx_word' id='word_1_239' title='bbox 288 3218 335 3275; x_wconf 76' lang='grc' dir='ltr'>σὺν</span> <span class='ocrx_word' id='word_1_240' title='bbox 344 3218 491 3294; x_wconf 68' lang='grc' dir='ltr'>ἡμῖντιῖννδ</span> <span class='ocrx_word' id='word_1_241' title='bbox 499 3217 622 3276; x_wconf 84' lang='grc' dir='ltr'>ἁπάντων</span> <span class='ocrx_word' id='word_1_242' title='bbox 630 3218 752 3293; x_wconf 75' lang='grc' dir='ltr'>ἐσομένη.</span> <span class='ocrx_word' id='word_1_243' title='bbox 795 3218 877 3279; x_wconf 77' lang='grc' dir='ltr'>Ταῦτ’</span> 
     </span>
     <span class='ocr_line' id='line_1_33' title="bbox 93 3305 877 3386; baseline -0.004 -20"><span class='ocrx_word' id='word_1_244' title='bbox 93 3314 190 3374; x_wconf 78' lang='grc' dir='ltr'>ἐκεῖνος</span> <span class='ocrx_word' id='word_1_245' title='bbox 202 3307 249 3382; x_wconf 84' lang='grc' dir='ltr'>μὲν</span> <span class='ocrx_word' id='word_1_246' title='bbox 270 3306 374 3383; x_wconf 80' lang='grc' dir='ltr'>ἔλεγεν,</span> <span class='ocrx_word' id='word_1_247' title='bbox 391 3309 408 3375; x_wconf 80' lang='grc' dir='ltr'>ἠ</span> <span class='ocrx_word' id='word_1_248' title='bbox 421 3305 447 3362; x_wconf 74' lang='grc' dir='ltr'>δὲ</span> <span class='ocrx_word' id='word_1_249' title='bbox 463 3305 600 3386; x_wconf 61' lang='grc' dir='ltr'>[ἔστιζγδρ</span> <span class='ocrx_word' id='word_1_250' title='bbox 614 3306 729 3383; x_wconf 80' lang='grc' dir='ltr'>(γυνή)</span> <span class='ocrx_word' id='word_1_251' title='bbox 748 3330 773 3364; x_wconf 91' lang='grc' dir='ltr'>τι</span> <span class='ocrx_word' id='word_1_252' title='bbox 785 3311 877 3385; x_wconf 72' lang='grc' dir='ltr'>χρῆμα</span> 
     </span>
     <span class='ocr_line' id='line_1_34' title="bbox 93 3392 878 3474; baseline -0.005 -20"><span class='ocrx_word' id='word_1_253' title='bbox 93 3395 244 3474; x_wconf 74' lang='grc' dir='ltr'>σοριίντατον</span> <span class='ocrx_word' id='word_1_254' title='bbox 268 3392 357 3472; x_wconf 82' lang='grc' dir='ltr'>καιρὸν</span> <span class='ocrx_word' id='word_1_255' title='bbox 379 3392 513 3451; x_wconf 82' lang='grc' dir='ltr'>διαθέσθαι</span> <span class='ocrx_word' id='word_1_256' title='bbox 534 3393 708 3472; x_wconf 79' lang='grc' dir='ltr'>δραστήριος)</span> <span class='ocrx_word' id='word_1_257' title='bbox 730 3392 786 3471; x_wconf 82' lang='grc' dir='ltr'>ἅμα</span> <span class='ocrx_word' id='word_1_258' title='bbox 805 3394 833 3452; x_wconf 85' lang='grc' dir='ltr'>δέ</span> <span class='ocrx_word' id='word_1_259' title='bbox 853 3418 878 3451; x_wconf 92' lang='grc' dir='ltr'>τι</span> 
     </span>
     <span class='ocr_line' id='line_1_35' title="bbox 93 3479 877 3557; baseline 0 -18"><span class='ocrx_word' id='word_1_260' title='bbox 93 3484 200 3552; x_wconf 74' lang='grc' dir='ltr'>καὶτῆς</span> <span class='ocrx_word' id='word_1_261' title='bbox 214 3482 279 3557; x_wconf 77' lang='grc' dir='ltr'>ἐμῆς</span> <span class='ocrx_word' id='word_1_262' title='bbox 294 3479 426 3551; x_wconf 73' lang='grc' dir='ltr'>ὑποθήκης</span> <span class='ocrx_word' id='word_1_263' title='bbox 441 3480 575 3553; x_wconf 82' lang='grc' dir='ltr'>οῖνύουσα,</span> <span class='ocrx_word' id='word_1_264' title='bbox 588 3481 617 3538; x_wconf 86' lang='grc' dir='ltr'>τὸ</span> <span class='ocrx_word' id='word_1_265' title='bbox 631 3481 744 3555; x_wconf 70' lang='grc' dir='ltr'>κατηφές</span> <span class='ocrx_word' id='word_1_266' title='bbox 758 3485 809 3540; x_wconf 84' lang='grc' dir='ltr'>τῶν</span> <span class='ocrx_word' id='word_1_267' title='bbox 823 3505 877 3540; x_wconf 88' lang='grc' dir='ltr'>πε-</span> 
     </span>
     <span class='ocr_line' id='line_1_36' title="bbox 47 3568 878 3651; baseline 0.01 -30"><span class='ocrx_word' id='word_1_268' title='bbox 47 3583 76 3621; x_wconf 80' lang='grc' dir='ltr'>εε</span> <span class='ocrx_word' id='word_1_269' title='bbox 94 3568 269 3651; x_wconf 83' lang='grc' dir='ltr'>ριεστηκότων</span> <span class='ocrx_word' id='word_1_270' title='bbox 282 3573 327 3626; x_wconf 78' lang='grc' dir='ltr'>τοῦ</span> <span class='ocrx_word' id='word_1_271' title='bbox 342 3568 492 3647; x_wconf 89' lang='grc' dir='ltr'>βλέμματος</span> <span class='ocrx_word' id='word_1_272' title='bbox 508 3568 749 3645; x_wconf 80' lang='grc' dir='ltr'>άποσκευασαμένη</span> <span class='ocrx_word' id='word_1_273' title='bbox 761 3569 878 3651; x_wconf 74' lang='grc' dir='ltr'>καὶπρὸς</span> 
     </span>
     <span class='ocr_line' id='line_1_37' title="bbox 92 3653 877 3738; baseline 0 -23"><span class='ocrx_word' id='word_1_274' title='bbox 92 3660 124 3715; x_wconf 77' lang='grc' dir='ltr'>τὸ</span> <span class='ocrx_word' id='word_1_275' title='bbox 138 3654 334 3734; x_wconf 78' lang='grc' dir='ltr'>έπαγιογότερον</span> <span class='ocrx_word' id='word_1_276' title='bbox 349 3653 540 3730; x_wconf 79' lang='grc' dir='ltr'>έκύιασαμένη·</span> <span class='ocrx_word' id='word_1_277' title='bbox 555 3655 635 3716; x_wconf 81' lang='grc' dir='ltr'>Ἀλλδι</span> <span class='ocrx_word' id='word_1_278' title='bbox 649 3661 714 3724; x_wconf 85' lang='grc' dir='ltr'>θεοῖς</span> <span class='ocrx_word' id='word_1_279' title='bbox 734 3656 795 3733; x_wconf 81' lang='grc' dir='ltr'>μὲν,</span> <span class='ocrx_word' id='word_1_280' title='bbox 813 3658 877 3738; x_wconf 80' lang='grc' dir='ltr'>ἔρη,</span> 
     </span>
     <span class='ocr_line' id='line_1_38' title="bbox 92 3742 878 3825; baseline 0 -22"><span class='ocrx_word' id='word_1_281' title='bbox 92 3746 169 3825; x_wconf 85' lang='grc' dir='ltr'>χάρις</span> <span class='ocrx_word' id='word_1_282' title='bbox 182 3748 235 3810; x_wconf 85' lang='grc' dir='ltr'>τοῖς</span> <span class='ocrx_word' id='word_1_283' title='bbox 248 3742 281 3801; x_wconf 77' lang='grc' dir='ltr'>τὰ</span> <span class='ocrx_word' id='word_1_284' title='bbox 296 3742 526 3823; x_wconf 76' lang='grc' dir='ltr'>φιλανθρωπότερα</span> <span class='ocrx_word' id='word_1_285' title='bbox 540 3744 600 3822; x_wconf 75' lang='grc' dir='ltr'>περὶ</span> <span class='ocrx_word' id='word_1_286' title='bbox 614 3748 690 3820; x_wconf 79' lang='grc' dir='ltr'>ήμῶν</span> <span class='ocrx_word' id='word_1_287' title='bbox 705 3745 749 3803; x_wconf 76' lang='grc' dir='ltr'>ἐπὶ</span> <span class='ocrx_word' id='word_1_288' title='bbox 762 3751 821 3804; x_wconf 79' lang='grc' dir='ltr'>νοῦν</span> <span class='ocrx_word' id='word_1_289' title='bbox 834 3745 878 3804; x_wconf 79' lang='grc' dir='ltr'>τὸν</span> 
     </span>
     <span class='ocr_line' id='line_1_39' title="bbox 93 3831 878 3910; baseline -0.001 -19"><span class='ocrx_word' id='word_1_290' title='bbox 93 3834 139 3891; x_wconf 84' lang='grc' dir='ltr'>σὸν</span> <span class='ocrx_word' id='word_1_291' title='bbox 154 3832 271 3909; x_wconf 85' lang='grc' dir='ltr'>ἄγουσιν.</span> <span class='ocrx_word' id='word_1_292' title='bbox 318 3834 350 3892; x_wconf 76' lang='lat' dir='ltr'>Ei</span> <span class='ocrx_word' id='word_1_293' title='bbox 366 3831 393 3889; x_wconf 75' lang='lat' dir='ltr'>di</span> <span class='ocrx_word' id='word_1_294' title='bbox 405 3832 493 3909; x_wconf 84' lang='grc' dir='ltr'>βούλει</span> <span class='ocrx_word' id='word_1_295' title='bbox 508 3854 542 3907; x_wconf 87' lang='grc' dir='ltr'>με</span> <span class='ocrx_word' id='word_1_296' title='bbox 553 3836 590 3910; x_wconf 79' lang='grc' dir='ltr'>τῷ</span> <span class='ocrx_word' id='word_1_297' title='bbox 605 3831 658 3889; x_wconf 85' lang='grc' dir='ltr'>ὄντι</span> <span class='ocrx_word' id='word_1_298' title='bbox 673 3838 819 3909; x_wconf 77' lang='grc' dir='ltr'>θαρσοῦσαν</span> <span class='ocrx_word' id='word_1_299' title='bbox 833 3833 878 3892; x_wconf 83' lang='grc' dir='ltr'>καὶ</span> 
     </span>
     <span class='ocr_line' id='line_1_40' title="bbox 92 3917 878 4001; baseline -0.001 -21"><span class='ocrx_word' id='word_1_300' title='bbox 92 3922 163 4001; x_wconf 81' lang='grc' dir='ltr'>ἔχειν</span> <span class='ocrx_word' id='word_1_301' title='bbox 179 3919 223 3977; x_wconf 88' lang='grc' dir='ltr'>καί</span> <span class='ocrx_word' id='word_1_302' title='bbox 240 3917 342 3994; x_wconf 71' lang='grc' dir='ltr'>μένειν,</span> <span class='ocrx_word' id='word_1_303' title='bbox 364 3919 471 3999; x_wconf 81' lang='grc' dir='ltr'>πρώτην</span> <span class='ocrx_word' id='word_1_304' title='bbox 491 3919 564 3977; x_wconf 84' lang='grc' dir='ltr'>δίδου</span> <span class='ocrx_word' id='word_1_305' title='bbox 579 3918 678 3991; x_wconf 88' lang='grc' dir='ltr'>ταύτην</span> <span class='ocrx_word' id='word_1_306' title='bbox 697 3921 816 3991; x_wconf 85' lang='grc' dir='ltr'>αἴσθησιν</span> <span class='ocrx_word' id='word_1_307' title='bbox 833 3926 878 3991; x_wconf 77' lang='grc' dir='ltr'>τῆς</span> 
     </span>
     <span class='ocr_line' id='line_1_41' title="bbox 45 4006 879 4088; baseline -0.002 -21"><span class='ocrx_word' id='word_1_308' title='bbox 45 4030 77 4067; x_wconf 79' lang='grc' dir='ltr'>ειν</span> <span class='ocrx_word' id='word_1_309' title='bbox 93 4015 143 4080; x_wconf 82' lang='grc' dir='ltr'>σῆς</span> <span class='ocrx_word' id='word_1_310' title='bbox 155 4007 261 4073; x_wconf 85' lang='grc' dir='ltr'>εύνοίας·</span> <span class='ocrx_word' id='word_1_311' title='bbox 277 4007 388 4088; x_wconf 78' lang='grc' dir='ltr'>άδελρὸν</span> <span class='ocrx_word' id='word_1_312' title='bbox 403 4008 504 4066; x_wconf 82' lang='grc' dir='ltr'>τουτονί</span> <span class='ocrx_word' id='word_1_313' title='bbox 519 4008 561 4065; x_wconf 85' lang='grc' dir='ltr'>τὸν</span> <span class='ocrx_word' id='word_1_314' title='bbox 578 4006 640 4083; x_wconf 71' lang='grc' dir='ltr'>ἐμὸν</span> <span class='ocrx_word' id='word_1_315' title='bbox 656 4006 701 4065; x_wconf 82' lang='grc' dir='ltr'>καὶ</span> <span class='ocrx_word' id='word_1_316' title='bbox 717 4008 818 4086; x_wconf 85' lang='grc' dir='ltr'>πατέρα</span> <span class='ocrx_word' id='word_1_317' title='bbox 831 4031 879 4065; x_wconf 90' lang='grc' dir='ltr'>πε-</span> 
     </span>
     <span class='ocr_line' id='line_1_42' title="bbox 93 4093 879 4173; baseline 0 -21"><span class='ocrx_word' id='word_1_318' title='bbox 93 4099 200 4173; x_wconf 84' lang='grc' dir='ltr'>ρίσυνζε,</span> <span class='ocrx_word' id='word_1_319' title='bbox 211 4093 273 4171; x_wconf 85' lang='grc' dir='ltr'>μηδ’</span> <span class='ocrx_word' id='word_1_320' title='bbox 284 4096 409 4173; x_wconf 78' lang='grc' dir='ltr'>ἐπίτρεπε</span> <span class='ocrx_word' id='word_1_321' title='bbox 417 4094 464 4165; x_wconf 75' lang='grc' dir='ltr'>τήν</span> <span class='ocrx_word' id='word_1_322' title='bbox 474 4100 537 4152; x_wconf 77' lang='grc' dir='ltr'>ναῖν</span> <span class='ocrx_word' id='word_1_323' title='bbox 551 4097 697 4153; x_wconf 84' lang='grc' dir='ltr'>άπολιπεῖν·</span> <span class='ocrx_word' id='word_1_324' title='bbox 708 4098 743 4161; x_wconf 78' lang='grc' dir='ltr'>ὡς</span> <span class='ocrx_word' id='word_1_325' title='bbox 754 4098 800 4152; x_wconf 74' lang='lat' dir='ltr'>oda</span> <span class='ocrx_word' id='word_1_326' title='bbox 811 4095 879 4153; x_wconf 78' lang='grc' dir='ltr'>ἔστιν</span> 
     </span>
     <span class='ocr_line' id='line_1_43' title="bbox 74 4180 878 4262; baseline -0.006 -19"><span class='ocrx_word' id='word_1_327' title='bbox 74 4226 76 4229; x_wconf 81' lang='lat'><em>.</em></span> <span class='ocrx_word' id='word_1_328' title='bbox 92 4187 165 4249; x_wconf 78' lang='grc' dir='ltr'>ὅπως</span> <span class='ocrx_word' id='word_1_329' title='bbox 175 4182 411 4261; x_wconf 83' lang='grc' dir='ltr'>βιόισομοιιτούτυιν</span> <span class='ocrx_word' id='word_1_330' title='bbox 419 4181 592 4262; x_wconf 75' lang='grc' dir='ltr'>χωριζομένη.</span> <span class='ocrx_word' id='word_1_331' title='bbox 636 4182 689 4241; x_wconf 78' lang='grc' dir='ltr'>Καὶ</span> <span class='ocrx_word' id='word_1_332' title='bbox 700 4181 756 4256; x_wconf 85' lang='grc' dir='ltr'>άμοι</span> <span class='ocrx_word' id='word_1_333' title='bbox 767 4180 878 4258; x_wconf 87' lang='grc' dir='ltr'>λέγουσα</span> 
     </span>
     <span class='ocr_line' id='line_1_44' title="bbox 93 4268 879 4349; baseline -0.003 -20"><span class='ocrx_word' id='word_1_334' title='bbox 93 4278 147 4336; x_wconf 86' lang='grc' dir='ltr'>τοῖς</span> <span class='ocrx_word' id='word_1_335' title='bbox 158 4270 249 4347; x_wconf 85' lang='grc' dir='ltr'>γόνασι</span> <span class='ocrx_word' id='word_1_336' title='bbox 263 4268 423 4349; x_wconf 83' lang='grc' dir='ltr'>προσέπιπτε</span> <span class='ocrx_word' id='word_1_337' title='bbox 439 4270 484 4327; x_wconf 81' lang='grc' dir='ltr'>καλ</span> <span class='ocrx_word' id='word_1_338' title='bbox 500 4268 585 4347; x_wconf 77' lang='grc' dir='ltr'>εἴχετο</span> <span class='ocrx_word' id='word_1_339' title='bbox 599 4271 765 4327; x_wconf 77' lang='grc' dir='ltr'>ἐπιπλεῖστον</span> <span class='ocrx_word' id='word_1_340' title='bbox 779 4270 879 4327; x_wconf 82' lang='grc' dir='ltr'>ἱκετεύ-</span> 
     </span>
     <span class='ocr_line' id='line_1_45' title="bbox 93 4357 879 4437; baseline 0.001 -23"><span class='ocrx_word' id='word_1_341' title='bbox 93 4380 176 4428; x_wconf 81' lang='grc' dir='ltr'>ουσα,</span> <span class='ocrx_word' id='word_1_342' title='bbox 190 4362 235 4415; x_wconf 80' lang='grc' dir='ltr'>τοῖν</span> <span class='ocrx_word' id='word_1_343' title='bbox 246 4357 378 4437; x_wconf 87' lang='grc' dir='ltr'>Τραχίνου</span> <span class='ocrx_word' id='word_1_344' title='bbox 393 4358 449 4423; x_wconf 86' lang='grc' dir='ltr'>ταῖς</span> <span class='ocrx_word' id='word_1_345' title='bbox 462 4359 633 4435; x_wconf 85' lang='grc' dir='ltr'>περιπλοκαῖς</span> <span class='ocrx_word' id='word_1_346' title='bbox 647 4358 819 4436; x_wconf 82' lang='grc' dir='ltr'>ίντρυρῶντος</span> <span class='ocrx_word' id='word_1_347' title='bbox 834 4359 879 4415; x_wconf 83' lang='grc' dir='ltr'>καί</span> 
     </span>
     <span class='ocr_line' id='line_1_46' title="bbox 48 4443 878 4524; baseline -0.002 -21"><span class='ocrx_word' id='word_1_348' title='bbox 48 4466 77 4503; x_wconf 75' lang='lat' dir='ltr'>aa</span> <span class='ocrx_word' id='word_1_349' title='bbox 95 4444 141 4514; x_wconf 75' lang='grc' dir='ltr'>τήν</span> <span class='ocrx_word' id='word_1_350' title='bbox 160 4445 300 4524; x_wconf 81' lang='grc' dir='ltr'>ὑπόσχεσιν</span> <span class='ocrx_word' id='word_1_351' title='bbox 317 4445 436 4514; x_wconf 81' lang='grc' dir='ltr'>ἐπίτηδες</span> <span class='ocrx_word' id='word_1_352' title='bbox 448 4444 630 4522; x_wconf 85' lang='grc' dir='ltr'>παρίλκοντος.</span> <span class='ocrx_word' id='word_1_353' title='bbox 673 4443 723 4510; x_wconf 83' lang='grc' dir='ltr'>Ὡς</span> <span class='ocrx_word' id='word_1_354' title='bbox 742 4446 765 4501; x_wconf 86' lang='grc' dir='ltr'>δ’</span> <span class='ocrx_word' id='word_1_355' title='bbox 781 4444 830 4501; x_wconf 81' lang='grc' dir='ltr'>ὑπό</span> <span class='ocrx_word' id='word_1_356' title='bbox 851 4468 878 4501; x_wconf 88' lang='grc' dir='ltr'>τε</span> 
     </span>
     <span class='ocr_line' id='line_1_47' title="bbox 93 4522 878 4611; baseline -0.003 -21"><span class='ocrx_word' id='word_1_357' title='bbox 93 4537 146 4590; x_wconf 78' lang='grc' dir='ltr'>τῶν</span> <span class='ocrx_word' id='word_1_358' title='bbox 161 4531 281 4610; x_wconf 85' lang='grc' dir='ltr'>δακρύων</span> <span class='ocrx_word' id='word_1_359' title='bbox 302 4531 366 4611; x_wconf 77' lang='grc' dir='ltr'>πρὸς</span> <span class='ocrx_word' id='word_1_360' title='bbox 378 4522 464 4590; x_wconf 75' lang='grc' dir='ltr'>οἶκτον</span> <span class='ocrx_word' id='word_1_361' title='bbox 477 4532 556 4609; x_wconf 79' lang='grc' dir='ltr'>ἤγετο</span> <span class='ocrx_word' id='word_1_362' title='bbox 568 4531 614 4591; x_wconf 84' lang='grc' dir='ltr'>καί</span> <span class='ocrx_word' id='word_1_363' title='bbox 632 4531 675 4589; x_wconf 79' lang='grc' dir='ltr'>διά</span> <span class='ocrx_word' id='word_1_364' title='bbox 689 4536 741 4589; x_wconf 86' lang='grc' dir='ltr'>τῶν</span> <span class='ocrx_word' id='word_1_365' title='bbox 755 4530 878 4609; x_wconf 86' lang='grc' dir='ltr'>βλεμμά-</span> 
     </span>
    </p>
   </div>
   <div class='ocr_carea' id='block_1_3' title="bbox 1654 489 1709 541">
    <p class='ocr_par' dir='ltr' id='par_1_3' title="bbox 1654 489 1709 541">
     <span class='ocr_line' id='line_1_48' title="bbox 1654 489 1709 541; baseline 0.091 -5"><span class='ocrx_word' id='word_1_366' title='bbox 1654 489 1709 541; x_wconf 73' lang='lat' dir='ltr'>did</span> 
     </span>
    </p>
   </div>
   <div class='ocr_carea' id='block_1_4' title="bbox 925 608 1711 1021">
    <p class='ocr_par' dir='ltr' id='par_1_4' title="bbox 925 608 1711 1021">
     <span class='ocr_line' id='line_1_49' title="bbox 927 608 1709 675; baseline 0.013 -21"><span class='ocrx_word' id='word_1_367' title='bbox 927 608 1062 655; x_wconf 88' lang='lat' dir='ltr'>immuniter</span> <span class='ocrx_word' id='word_1_368' title='bbox 1079 608 1201 657; x_wconf 80' lang='lat' dir='ltr'>ratriscum</span> <span class='ocrx_word' id='word_1_369' title='bbox 1218 611 1317 669; x_wconf 72' lang='lat' dir='ltr'>spiritus.</span> <span class='ocrx_word' id='word_1_370' title='bbox 1353 613 1530 669; x_wconf 81' lang='lat' dir='ltr'>t‘errnittiutns,</span> <span class='ocrx_word' id='word_1_371' title='bbox 1551 616 1578 661; x_wconf 90' lang='lat' dir='ltr'>ut</span> <span class='ocrx_word' id='word_1_372' title='bbox 1598 615 1709 675; x_wconf 70' lang='lat' dir='ltr'>maribam</span> 
     </span>
     <span class='ocr_line' id='line_1_50' title="bbox 926 677 1711 746; baseline 0.01 -23"><span class='ocrx_word' id='word_1_373' title='bbox 926 677 1090 725; x_wconf 67' lang='lat' dir='ltr'>conscendatis</span> <span class='ocrx_word' id='word_1_374' title='bbox 1101 682 1126 727; x_wconf 89' lang='lat' dir='ltr'>et</span> <span class='ocrx_word' id='word_1_375' title='bbox 1137 681 1237 727; x_wconf 78' lang='lat' dir='ltr'>seeretis</span> <span class='ocrx_word' id='word_1_376' title='bbox 1251 694 1292 726; x_wconf 80' lang='lat' dir='ltr'>ros</span> <span class='ocrx_word' id='word_1_377' title='bbox 1307 682 1453 739; x_wconf 82' lang='lat' dir='ltr'>iocationes,</span> <span class='ocrx_word' id='word_1_378' title='bbox 1464 682 1483 729; x_wconf 83' lang='lat' dir='ltr'>si</span> <span class='ocrx_word' id='word_1_379' title='bbox 1496 682 1581 731; x_wconf 74' lang='lat' dir='ltr'>vetitis.</span> <span class='ocrx_word' id='word_1_380' title='bbox 1615 685 1711 746; x_wconf 89' lang='lat' dir='ltr'>titiqui·</span> 
     </span>
     <span class='ocr_line' id='line_1_51' title="bbox 925 746 1710 814; baseline 0.011 -21"><span class='ocrx_word' id='word_1_381' title='bbox 925 746 979 794; x_wconf 81' lang='lat' dir='ltr'>rictu</span> <span class='ocrx_word' id='word_1_382' title='bbox 992 749 1042 794; x_wconf 76' lang='lat' dir='ltr'>truc</span> <span class='ocrx_word' id='word_1_383' title='bbox 1054 750 1225 809; x_wconf 74' lang='lat' dir='ltr'>proponebant.</span> <span class='ocrx_word' id='word_1_384' title='bbox 1254 755 1283 798; x_wconf 80' lang='grc' dir='ltr'>Αί</span> <span class='ocrx_word' id='word_1_385' title='bbox 1294 751 1318 803; x_wconf 84' lang='lat' dir='ltr'>ii,</span> <span class='ocrx_word' id='word_1_386' title='bbox 1329 754 1369 811; x_wconf 88' lang='lat' dir='ltr'>qui</span> <span class='ocrx_word' id='word_1_387' title='bbox 1382 757 1451 800; x_wconf 88' lang='lat' dir='ltr'>eruut</span> <span class='ocrx_word' id='word_1_388' title='bbox 1464 753 1487 800; x_wconf 90' lang='lat' dir='ltr'>iu</span> <span class='ocrx_word' id='word_1_389' title='bbox 1497 753 1612 813; x_wconf 78' lang='lat' dir='ltr'>tantumte,</span> <span class='ocrx_word' id='word_1_390' title='bbox 1623 769 1710 814; x_wconf 85' lang='lat' dir='ltr'>quaru-</span> 
     </span>
     <span class='ocr_line' id='line_1_52' title="bbox 925 816 1709 884; baseline 0.014 -22"><span class='ocrx_word' id='word_1_391' title='bbox 925 816 965 863; x_wconf 89' lang='lat' dir='ltr'>diu</span> <span class='ocrx_word' id='word_1_392' title='bbox 977 818 1059 876; x_wconf 76' lang='lat' dir='ltr'>praetio</span> <span class='ocrx_word' id='word_1_393' title='bbox 1073 819 1124 865; x_wconf 90' lang='lat' dir='ltr'>sine</span> <span class='ocrx_word' id='word_1_394' title='bbox 1133 819 1268 867; x_wconf 76' lang='lat' dir='ltr'>discrimine</span> <span class='ocrx_word' id='word_1_395' title='bbox 1281 824 1304 867; x_wconf 87' lang='lat' dir='ltr'>et</span> <span class='ocrx_word' id='word_1_396' title='bbox 1319 821 1381 869; x_wconf 86' lang='lat' dir='ltr'>betto</span> <span class='ocrx_word' id='word_1_397' title='bbox 1394 824 1519 870; x_wconf 88' lang='lat' dir='ltr'>incruento</span> <span class='ocrx_word' id='word_1_398' title='bbox 1533 823 1709 884; x_wconf 71' lang='lat' dir='ltr'>decernebant,</span> 
     </span>
     <span class='ocr_line' id='line_1_53' title="bbox 925 886 1673 949; baseline 0.008 -14"><span class='ocrx_word' id='word_1_399' title='bbox 925 886 1027 935; x_wconf 81' lang='lat' dir='ltr'>audaces</span> <span class='ocrx_word' id='word_1_400' title='bbox 1039 891 1107 936; x_wconf 86' lang='lat' dir='ltr'>crant</span> <span class='ocrx_word' id='word_1_401' title='bbox 1120 892 1144 937; x_wconf 88' lang='lat' dir='ltr'>et</span> <span class='ocrx_word' id='word_1_402' title='bbox 1156 891 1295 949; x_wconf 86' lang='lat' dir='ltr'>neutiquam</span> <span class='ocrx_word' id='word_1_403' title='bbox 1307 905 1333 938; x_wconf 74' lang='lat' dir='ltr'>se</span> <span class='ocrx_word' id='word_1_404' title='bbox 1341 904 1482 938; x_wconf 76' lang='lat' dir='ltr'>excessuros</span> <span class='ocrx_word' id='word_1_405' title='bbox 1491 905 1542 939; x_wconf 80' lang='lat' dir='ltr'>esse</span> <span class='ocrx_word' id='word_1_406' title='bbox 1555 892 1673 941; x_wconf 74' lang='lat' dir='ltr'>dicebant.</span> 
     </span>
     <span class='ocr_line' id='line_1_54' title="bbox 957 954 1709 1021; baseline 0.009 -17"><span class='ocrx_word' id='word_1_407' title='bbox 957 959 1033 1005; x_wconf 73' lang='lat' dir='ltr'>XXV.</span> <span class='ocrx_word' id='word_1_408' title='bbox 1049 957 1095 1006; x_wconf 84' lang='lat' dir='ltr'>Sed</span> <span class='ocrx_word' id='word_1_409' title='bbox 1115 954 1242 1019; x_wconf 83' lang='lat' dir='ltr'>postquam</span> <span class='ocrx_word' id='word_1_410' title='bbox 1259 959 1357 1019; x_wconf 89' lang='lat' dir='ltr'>quidam</span> <span class='ocrx_word' id='word_1_411' title='bbox 1374 975 1405 1007; x_wconf 87' lang='grc' dir='ltr'>εκ</span> <span class='ocrx_word' id='word_1_412' title='bbox 1424 961 1506 1020; x_wconf 84' lang='lat' dir='ltr'>piratis</span> <span class='ocrx_word' id='word_1_413' title='bbox 1517 962 1640 1021; x_wconf 89' lang='lat' dir='ltr'>audacior,</span> <span class='ocrx_word' id='word_1_414' title='bbox 1654 964 1709 1012; x_wconf 87' lang='lat' dir='ltr'>insi·</span> 
     </span>
    </p>
   </div>
   <div class='ocr_carea' id='block_1_5' title="bbox 918 1042 1709 1943">
    <p class='ocr_par' dir='ltr' id='par_1_5' title="bbox 918 1042 1709 1943">
     <span class='ocr_line' id='line_1_55' title="bbox 926 1042 1709 1107; baseline 0.01 -16"><span class='ocrx_word' id='word_1_415' title='bbox 926 1042 985 1091; x_wconf 90' lang='lat' dir='ltr'>tiens</span> <span class='ocrx_word' id='word_1_416' title='bbox 1004 1046 1028 1091; x_wconf 87' lang='lat' dir='ltr'>et</span> <span class='ocrx_word' id='word_1_417' title='bbox 1045 1044 1123 1104; x_wconf 75' lang='lat' dir='ltr'>gladio</span> <span class='ocrx_word' id='word_1_418' title='bbox 1142 1044 1241 1093; x_wconf 81' lang='lat' dir='ltr'>obvium</span> <span class='ocrx_word' id='word_1_419' title='bbox 1261 1060 1382 1107; x_wconf 81' lang='lat' dir='ltr'>quemque</span> <span class='ocrx_word' id='word_1_420' title='bbox 1399 1048 1500 1107; x_wconf 79' lang='lat' dir='ltr'>terioris,</span> <span class='ocrx_word' id='word_1_421' title='bbox 1513 1048 1579 1097; x_wconf 76' lang='lat' dir='ltr'>caede</span> <span class='ocrx_word' id='word_1_422' title='bbox 1595 1052 1619 1098; x_wconf 92' lang='lat' dir='ltr'>et</span> <span class='ocrx_word' id='word_1_423' title='bbox 1631 1057 1709 1099; x_wconf 87' lang='lat' dir='ltr'>morte</span> 
     </span>
     <span class='ocr_line' id='line_1_56' title="bbox 926 1135 1708 1205; baseline 0.013 -22"><span class='ocrx_word' id='word_1_424' title='bbox 926 1135 987 1184; x_wconf 84' lang='lat' dir='ltr'>betta</span> <span class='ocrx_word' id='word_1_425' title='bbox 999 1136 1047 1197; x_wconf 71' lang='lat' dir='ltr'>geri</span> <span class='ocrx_word' id='word_1_426' title='bbox 1064 1138 1156 1195; x_wconf 75' lang='lat' dir='ltr'>(tonuit,</span> <span class='ocrx_word' id='word_1_427' title='bbox 1168 1140 1193 1187; x_wconf 88' lang='lat' dir='ltr'>ct</span> <span class='ocrx_word' id='word_1_428' title='bbox 1211 1139 1296 1201; x_wconf 87' lang='lat' dir='ltr'>retiqui</span> <span class='ocrx_word' id='word_1_429' title='bbox 1311 1151 1394 1188; x_wconf 81' lang='lat' dir='ltr'>ourues</span> <span class='ocrx_word' id='word_1_430' title='bbox 1407 1140 1556 1202; x_wconf 75' lang='lat' dir='ltr'>insiluerunt,</span> <span class='ocrx_word' id='word_1_431' title='bbox 1570 1147 1619 1192; x_wconf 91' lang='lat' dir='ltr'>tum</span> <span class='ocrx_word' id='word_1_432' title='bbox 1632 1145 1708 1205; x_wconf 82' lang='lat' dir='ltr'>preni-</span> 
     </span>
     <span class='ocr_line' id='line_1_57' title="bbox 925 1216 1709 1295; baseline 0.011 -18"><span class='ocrx_word' id='word_1_433' title='bbox 925 1228 989 1277; x_wconf 81' lang='lat' dir='ltr'>tabat</span> <span class='ocrx_word' id='word_1_434' title='bbox 1004 1230 1059 1278; x_wconf 86' lang='lat' dir='ltr'>tacti</span> <span class='ocrx_word' id='word_1_435' title='bbox 1072 1216 1199 1280; x_wconf 77' lang='lat' dir='ltr'>Ptuenicea</span> <span class='ocrx_word' id='word_1_436' title='bbox 1214 1234 1239 1281; x_wconf 90' lang='lat' dir='ltr'>et</span> <span class='ocrx_word' id='word_1_437' title='bbox 1253 1232 1453 1293; x_wconf 81' lang='lat' dir='ltr'>procumbentes,</span> <span class='ocrx_word' id='word_1_438' title='bbox 1468 1237 1495 1282; x_wconf 91' lang='lat' dir='ltr'>ut</span> <span class='ocrx_word' id='word_1_439' title='bbox 1506 1234 1562 1295; x_wconf 86' lang='lat' dir='ltr'>ipsis</span> <span class='ocrx_word' id='word_1_440' title='bbox 1574 1243 1709 1295; x_wconf 75' lang='lat' dir='ltr'>parcerent,</span> 
     </span>
     <span class='ocr_line' id='line_1_58' title="bbox 924 1321 1709 1390; baseline 0.014 -23"><span class='ocrx_word' id='word_1_441' title='bbox 924 1321 988 1382; x_wconf 86' lang='lat' dir='ltr'>qnod</span> <span class='ocrx_word' id='word_1_442' title='bbox 1000 1321 1114 1384; x_wconf 87' lang='lat' dir='ltr'>imperata</span> <span class='ocrx_word' id='word_1_443' title='bbox 1126 1324 1210 1371; x_wconf 88' lang='lat' dir='ltr'>tacturi</span> <span class='ocrx_word' id='word_1_444' title='bbox 1225 1328 1312 1383; x_wconf 79' lang='lat' dir='ltr'>essent,</span> <span class='ocrx_word' id='word_1_445' title='bbox 1326 1324 1435 1373; x_wconf 84' lang='lat' dir='ltr'>orabant.</span> <span class='ocrx_word' id='word_1_446' title='bbox 1469 1326 1507 1375; x_wconf 86' lang='lat' dir='ltr'>uu</span> <span class='ocrx_word' id='word_1_447' title='bbox 1520 1329 1609 1385; x_wconf 87' lang='lat' dir='ltr'>antem,</span> <span class='ocrx_word' id='word_1_448' title='bbox 1621 1342 1709 1390; x_wconf 89' lang='lat' dir='ltr'>quam·</span> 
     </span>
     <span class='ocr_line' id='line_1_59' title="bbox 927 1414 1708 1483; baseline 0.013 -23"><span class='ocrx_word' id='word_1_449' title='bbox 927 1414 963 1461; x_wconf 87' lang='lat' dir='ltr'>ris</span> <span class='ocrx_word' id='word_1_450' title='bbox 974 1414 1023 1474; x_wconf 81' lang='lat' dir='ltr'>jam</span> <span class='ocrx_word' id='word_1_451' title='bbox 1035 1416 1102 1463; x_wconf 66' lang='lat' dir='ltr'>carde</span> <span class='ocrx_word' id='word_1_452' title='bbox 1116 1416 1294 1478; x_wconf 78' lang='lat' dir='ltr'>grassabantur,</span> <span class='ocrx_word' id='word_1_453' title='bbox 1316 1418 1476 1478; x_wconf 85' lang='lat' dir='ltr'>(conspectus</span> <span class='ocrx_word' id='word_1_454' title='bbox 1492 1419 1556 1467; x_wconf 89' lang='lat' dir='ltr'>euim</span> <span class='ocrx_word' id='word_1_455' title='bbox 1572 1421 1708 1483; x_wconf 73' lang='lat' dir='ltr'>sanguinis,</span> 
     </span>
     <span class='ocr_line' id='line_1_60' title="bbox 927 1506 1708 1573; baseline 0.013 -20"><span class='ocrx_word' id='word_1_456' title='bbox 927 1506 1028 1555; x_wconf 87' lang='lat' dir='ltr'>irritatio</span> <span class='ocrx_word' id='word_1_457' title='bbox 1049 1508 1076 1556; x_wconf 86' lang='lat' dir='ltr'>tu</span> <span class='ocrx_word' id='word_1_458' title='bbox 1088 1509 1179 1567; x_wconf 90' lang='lat' dir='ltr'>animi)</span> <span class='ocrx_word' id='word_1_459' title='bbox 1196 1511 1276 1558; x_wconf 82' lang='lat' dir='ltr'>tamen</span> <span class='ocrx_word' id='word_1_460' title='bbox 1293 1509 1360 1568; x_wconf 83' lang='lat' dir='ltr'>jussu</span> <span class='ocrx_word' id='word_1_461' title='bbox 1382 1509 1494 1559; x_wconf 76' lang='lat' dir='ltr'>&#39;trecitini</span> <span class='ocrx_word' id='word_1_462' title='bbox 1512 1514 1597 1573; x_wconf 81' lang='lat' dir='ltr'>praeter</span> <span class='ocrx_word' id='word_1_463' title='bbox 1612 1527 1708 1563; x_wconf 79' lang='lat' dir='ltr'>curnem</span> 
     </span>
     <span class='ocr_line' id='line_1_61' title="bbox 924 1600 1708 1662; baseline 0.01 -15"><span class='ocrx_word' id='word_1_464' title='bbox 924 1613 990 1660; x_wconf 89' lang='lat' dir='ltr'>spem</span> <span class='ocrx_word' id='word_1_465' title='bbox 1003 1600 1132 1660; x_wconf 81' lang='lat' dir='ltr'>parcebant</span> <span class='ocrx_word' id='word_1_466' title='bbox 1150 1601 1383 1662; x_wconf 82' lang='lat' dir='ltr'>procumbentibus:</span> <span class='ocrx_word' id='word_1_467' title='bbox 1398 1606 1425 1652; x_wconf 81' lang='lat' dir='ltr'>et</span> <span class='ocrx_word' id='word_1_468' title='bbox 1437 1607 1506 1652; x_wconf 89' lang='lat' dir='ltr'>erant</span> <span class='ocrx_word' id='word_1_469' title='bbox 1524 1604 1628 1655; x_wconf 73' lang='lat' dir='ltr'>inuitem</span> <span class='ocrx_word' id='word_1_470' title='bbox 1643 1609 1708 1655; x_wconf 91' lang='lat' dir='ltr'>atro-</span> 
     </span>
     <span class='ocr_line' id='line_1_62' title="bbox 925 1693 1708 1759; baseline 0.01 -19"><span class='ocrx_word' id='word_1_471' title='bbox 925 1704 965 1740; x_wconf 85' lang='lat' dir='ltr'>ces</span> <span class='ocrx_word' id='word_1_472' title='bbox 980 1696 1006 1741; x_wconf 89' lang='lat' dir='ltr'>et</span> <span class='ocrx_word' id='word_1_473' title='bbox 1024 1693 1114 1742; x_wconf 88' lang='lat' dir='ltr'>betium</span> <span class='ocrx_word' id='word_1_474' title='bbox 1125 1707 1151 1743; x_wconf 88' lang='lat' dir='ltr'>re</span> <span class='ocrx_word' id='word_1_475' title='bbox 1163 1694 1213 1757; x_wconf 86' lang='lat' dir='ltr'>ipsa</span> <span class='ocrx_word' id='word_1_476' title='bbox 1223 1694 1319 1756; x_wconf 88' lang='lat' dir='ltr'>quidem</span> <span class='ocrx_word' id='word_1_477' title='bbox 1329 1696 1534 1757; x_wconf 86' lang='lat' dir='ltr'>crudottssbnum,</span> <span class='ocrx_word' id='word_1_478' title='bbox 1554 1698 1618 1759; x_wconf 89' lang='lat' dir='ltr'>pacis</span> <span class='ocrx_word' id='word_1_479' title='bbox 1628 1702 1708 1748; x_wconf 85' lang='lat' dir='ltr'>autern</span> 
     </span>
     <span class='ocr_line' id='line_1_63' title="bbox 918 1785 1708 1855; baseline 0.01 -22"><span class='ocrx_word' id='word_1_480' title='bbox 918 1785 984 1834; x_wconf 72' lang='lat' dir='ltr'>saiso</span> <span class='ocrx_word' id='word_1_481' title='bbox 994 1788 1017 1835; x_wconf 91' lang='lat' dir='ltr'>et</span> <span class='ocrx_word' id='word_1_482' title='bbox 1029 1787 1164 1836; x_wconf 77' lang='lat' dir='ltr'>adulterino</span> <span class='ocrx_word' id='word_1_483' title='bbox 1184 1790 1281 1839; x_wconf 87' lang='lat' dir='ltr'>nominc</span> <span class='ocrx_word' id='word_1_484' title='bbox 1296 1789 1456 1850; x_wconf 79' lang='lat' dir='ltr'>dissolutum,</span> <span class='ocrx_word' id='word_1_485' title='bbox 1476 1791 1612 1840; x_wconf 89' lang='lat' dir='ltr'>conditione</span> <span class='ocrx_word' id='word_1_486' title='bbox 1623 1794 1708 1855; x_wconf 80' lang='lat' dir='ltr'>punito</span> 
     </span>
     <span class='ocr_line' id='line_1_64' title="bbox 925 1876 1707 1943; baseline 0.013 -19"><span class='ocrx_word' id='word_1_487' title='bbox 925 1876 977 1939; x_wconf 91' lang='lat' dir='ltr'>ipso</span> <span class='ocrx_word' id='word_1_488' title='bbox 997 1879 1107 1939; x_wconf 78' lang='lat' dir='ltr'>graviore</span> <span class='ocrx_word' id='word_1_489' title='bbox 1127 1881 1255 1941; x_wconf 86' lang='lat' dir='ltr'>proposita.</span> <span class='ocrx_word' id='word_1_490' title='bbox 1290 1881 1412 1943; x_wconf 82' lang='lat' dir='ltr'>Siquidem</span> <span class='ocrx_word' id='word_1_491' title='bbox 1432 1885 1530 1931; x_wconf 88' lang='lat' dir='ltr'>uicum</span> <span class='ocrx_word' id='word_1_492' title='bbox 1549 1897 1596 1933; x_wconf 87' lang='lat' dir='ltr'>nna</span> <span class='ocrx_word' id='word_1_493' title='bbox 1613 1886 1707 1935; x_wconf 85' lang='lat' dir='ltr'>tantrun</span> 
     </span>
    </p>
   </div>
   <div class='ocr_carea' id='block_1_6' title="bbox 868 1971 1709 2040">
    <p class='ocr_par' dir='ltr' id='par_1_6' title="bbox 868 1971 1709 2040">
     <span class='ocr_line' id='line_1_65' title="bbox 868 1971 1709 2040; baseline 0.013 -25"><span class='ocrx_word' id='word_1_494' title='bbox 868 1997 873 2015; x_wconf 66' lang='grc' dir='ltr'>ι</span> <span class='ocrx_word' id='word_1_495' title='bbox 927 1972 994 2022; x_wconf 86' lang='lat' dir='ltr'>reste</span> <span class='ocrx_word' id='word_1_496' title='bbox 1003 1982 1064 2018; x_wconf 89' lang='lat' dir='ltr'>nave</span> <span class='ocrx_word' id='word_1_497' title='bbox 1073 1971 1225 2028; x_wconf 78' lang='lat' dir='ltr'>excederent.</span> <span class='ocrx_word' id='word_1_498' title='bbox 1240 1974 1449 2036; x_wconf 80' lang='lat' dir='ltr'>pronuntiabatur,</span> <span class='ocrx_word' id='word_1_499' title='bbox 1460 1977 1484 2024; x_wconf 83' lang='lat' dir='ltr'>ct</span> <span class='ocrx_word' id='word_1_500' title='bbox 1496 1989 1561 2024; x_wconf 89' lang='lat' dir='ltr'>murs</span> <span class='ocrx_word' id='word_1_501' title='bbox 1570 1977 1591 2025; x_wconf 89' lang='lat' dir='ltr'>ei</span> <span class='ocrx_word' id='word_1_502' title='bbox 1603 1979 1644 2040; x_wconf 91' lang='lat' dir='ltr'>qui</span> <span class='ocrx_word' id='word_1_503' title='bbox 1657 1979 1709 2027; x_wconf 87' lang='lat' dir='ltr'>rto-</span> 
     </span>
    </p>
   </div>
   <div class='ocr_carea' id='block_1_7' title="bbox 923 2060 1710 2498">
    <p class='ocr_par' dir='ltr' id='par_1_7' title="bbox 923 2060 1710 2498">
     <span class='ocr_line' id='line_1_66' title="bbox 926 2060 1710 2130; baseline 0.014 -21"><span class='ocrx_word' id='word_1_504' title='bbox 926 2060 996 2110; x_wconf 80' lang='lat' dir='ltr'>iaaset</span> <span class='ocrx_word' id='word_1_505' title='bbox 1006 2062 1152 2111; x_wconf 86' lang='lat' dir='ltr'>edicebaiur.</span> <span class='ocrx_word' id='word_1_506' title='bbox 1186 2063 1231 2112; x_wconf 84' lang='lat' dir='ltr'>Sed</span> <span class='ocrx_word' id='word_1_507' title='bbox 1247 2068 1285 2114; x_wconf 86' lang='lat' dir='ltr'>cst</span> <span class='ocrx_word' id='word_1_508' title='bbox 1299 2065 1446 2126; x_wconf 79' lang='lat' dir='ltr'>bominibus,</span> <span class='ocrx_word' id='word_1_509' title='bbox 1460 2072 1487 2118; x_wconf 94' lang='lat' dir='ltr'>ut</span> <span class='ocrx_word' id='word_1_510' title='bbox 1506 2069 1611 2130; x_wconf 84' lang='lat' dir='ltr'>ridetur,</span> <span class='ocrx_word' id='word_1_511' title='bbox 1629 2072 1710 2120; x_wconf 83' lang='lat' dir='ltr'>aniana</span> 
     </span>
     <span class='ocr_line' id='line_1_67' title="bbox 923 2155 1709 2224; baseline 0.008 -21"><span class='ocrx_word' id='word_1_512' title='bbox 923 2155 1034 2205; x_wconf 86' lang='lat' dir='ltr'>omuibus</span> <span class='ocrx_word' id='word_1_513' title='bbox 1046 2156 1118 2205; x_wconf 84' lang='lat' dir='ltr'>rebus</span> <span class='ocrx_word' id='word_1_514' title='bbox 1126 2156 1252 2220; x_wconf 84' lang='lat' dir='ltr'>pretiosior</span> <span class='ocrx_word' id='word_1_515' title='bbox 1265 2179 1270 2207; x_wconf 87' lang='lat'>:</span> <span class='ocrx_word' id='word_1_516' title='bbox 1283 2161 1462 2223; x_wconf 86' lang='lat' dir='ltr'>propterquam</span> <span class='ocrx_word' id='word_1_517' title='bbox 1474 2164 1525 2210; x_wconf 89' lang='lat' dir='ltr'>tum</span> <span class='ocrx_word' id='word_1_518' title='bbox 1533 2176 1630 2224; x_wconf 88' lang='lat' dir='ltr'>quoque</span> <span class='ocrx_word' id='word_1_519' title='bbox 1641 2165 1709 2212; x_wconf 78' lang='lat' dir='ltr'>t‘tue-</span> 
     </span>
     <span class='ocr_line' id='line_1_68' title="bbox 927 2251 1708 2316; baseline 0.013 -19"><span class='ocrx_word' id='word_1_520' title='bbox 927 2251 992 2299; x_wconf 86' lang='lat' dir='ltr'>nicea</span> <span class='ocrx_word' id='word_1_521' title='bbox 1002 2263 1044 2311; x_wconf 88' lang='lat' dir='ltr'>spe</span> <span class='ocrx_word' id='word_1_522' title='bbox 1057 2265 1130 2312; x_wconf 92' lang='lat' dir='ltr'>opum</span> <span class='ocrx_word' id='word_1_523' title='bbox 1144 2252 1212 2300; x_wconf 82' lang='lat' dir='ltr'>naris</span> <span class='ocrx_word' id='word_1_524' title='bbox 1225 2253 1333 2313; x_wconf 85' lang='lat' dir='ltr'>spoliati,</span> <span class='ocrx_word' id='word_1_525' title='bbox 1348 2257 1462 2316; x_wconf 86' lang='lat' dir='ltr'>tanquam</span> <span class='ocrx_word' id='word_1_526' title='bbox 1473 2256 1593 2316; x_wconf 82' lang='lat' dir='ltr'>jacturam</span> <span class='ocrx_word' id='word_1_527' title='bbox 1606 2269 1654 2305; x_wconf 90' lang='lat' dir='ltr'>non</span> <span class='ocrx_word' id='word_1_528' title='bbox 1674 2260 1708 2307; x_wconf 87' lang='lat' dir='ltr'>te·</span> 
     </span>
     <span class='ocr_line' id='line_1_69' title="bbox 923 2343 1709 2409; baseline 0.008 -19"><span class='ocrx_word' id='word_1_529' title='bbox 923 2343 1020 2403; x_wconf 87' lang='lat' dir='ltr'>cissent,</span> <span class='ocrx_word' id='word_1_530' title='bbox 1032 2344 1072 2393; x_wconf 83' lang='lat' dir='ltr'>sed</span> <span class='ocrx_word' id='word_1_531' title='bbox 1085 2346 1179 2394; x_wconf 84' lang='lat' dir='ltr'>tuarrrm</span> <span class='ocrx_word' id='word_1_532' title='bbox 1194 2347 1345 2395; x_wconf 86' lang='lat' dir='ltr'>consecuturi</span> <span class='ocrx_word' id='word_1_533' title='bbox 1361 2349 1450 2406; x_wconf 76' lang='lat' dir='ltr'>encnt,</span> <span class='ocrx_word' id='word_1_534' title='bbox 1468 2349 1496 2394; x_wconf 90' lang='lat' dir='ltr'>ut</span> <span class='ocrx_word' id='word_1_535' title='bbox 1507 2347 1569 2396; x_wconf 86' lang='lat' dir='ltr'>atius</span> <span class='ocrx_word' id='word_1_536' title='bbox 1581 2348 1627 2396; x_wconf 88' lang='lat' dir='ltr'>atio</span> <span class='ocrx_word' id='word_1_537' title='bbox 1643 2349 1709 2409; x_wconf 90' lang='lat' dir='ltr'>prius</span> 
     </span>
     <span class='ocr_line' id='line_1_70' title="bbox 923 2432 1708 2498; baseline 0.008 -19"><span class='ocrx_word' id='word_1_538' title='bbox 923 2433 1036 2492; x_wconf 83' lang='lat' dir='ltr'>scaptiam</span> <span class='ocrx_word' id='word_1_539' title='bbox 1048 2432 1226 2490; x_wconf 83' lang='lat' dir='ltr'>conscenderat,</span> <span class='ocrx_word' id='word_1_540' title='bbox 1240 2432 1418 2490; x_wconf 61' lang='lat' dir='ltr'>acceleratione</span> <span class='ocrx_word' id='word_1_541' title='bbox 1431 2433 1532 2496; x_wconf 84' lang='lat' dir='ltr'>quilibet</span> <span class='ocrx_word' id='word_1_542' title='bbox 1548 2447 1575 2482; x_wconf 86' lang='lat' dir='ltr'>se</span> <span class='ocrx_word' id='word_1_543' title='bbox 1588 2435 1611 2483; x_wconf 92' lang='lat' dir='ltr'>iu</span> <span class='ocrx_word' id='word_1_544' title='bbox 1625 2437 1708 2498; x_wconf 85' lang='lat' dir='ltr'>primis</span> 
     </span>
    </p>
   </div>
   <div class='ocr_carea' id='block_1_8' title="bbox 924 2524 1707 2674">
    <p class='ocr_par' dir='ltr' id='par_1_8' title="bbox 924 2524 1707 2674">
     <span class='ocr_line' id='line_1_71' title="bbox 924 2524 1707 2589; baseline 0.008 -18"><span class='ocrx_word' id='word_1_545' title='bbox 924 2525 948 2572; x_wconf 89' lang='lat' dir='ltr'>et</span> <span class='ocrx_word' id='word_1_546' title='bbox 961 2524 1061 2573; x_wconf 87' lang='lat' dir='ltr'>ceterius</span> <span class='ocrx_word' id='word_1_547' title='bbox 1074 2539 1148 2589; x_wconf 88' lang='lat' dir='ltr'>quam</span> <span class='ocrx_word' id='word_1_548' title='bbox 1159 2529 1252 2576; x_wconf 85' lang='lat' dir='ltr'>ceteros</span> <span class='ocrx_word' id='word_1_549' title='bbox 1270 2526 1421 2588; x_wconf 83' lang='lat' dir='ltr'>superstitem</span> <span class='ocrx_word' id='word_1_550' title='bbox 1438 2539 1489 2576; x_wconf 84' lang='lat' dir='ltr'>esse</span> <span class='ocrx_word' id='word_1_551' title='bbox 1506 2538 1592 2589; x_wconf 78' lang='lat' dir='ltr'>magna</span> <span class='ocrx_word' id='word_1_552' title='bbox 1609 2532 1707 2578; x_wconf 81' lang='lat' dir='ltr'>conteu-</span> 
     </span>
     <span class='ocr_line' id='line_1_72' title="bbox 924 2610 1122 2674; baseline 0.015 -15"><span class='ocrx_word' id='word_1_553' title='bbox 924 2610 989 2660; x_wconf 88' lang='lat' dir='ltr'>tione</span> <span class='ocrx_word' id='word_1_554' title='bbox 1000 2614 1122 2674; x_wconf 78' lang='lat' dir='ltr'>expetens.</span> 
     </span>
    </p>
   </div>
   <div class='ocr_carea' id='block_1_9' title="bbox 923 2705 1717 3983">
    <p class='ocr_par' dir='ltr' id='par_1_9' title="bbox 923 2705 1717 3983">
     <span class='ocr_line' id='line_1_73' title="bbox 955 2705 1710 2768; baseline 0.009 -16"><span class='ocrx_word' id='word_1_555' title='bbox 955 2707 1043 2753; x_wconf 79' lang='lat' dir='ltr'>xxvi.</span> <span class='ocrx_word' id='word_1_556' title='bbox 1061 2708 1191 2767; x_wconf 85' lang='lat' dir='ltr'>Postquam</span> <span class='ocrx_word' id='word_1_557' title='bbox 1211 2707 1331 2755; x_wconf 87' lang='lat' dir='ltr'>autemst</span> <span class='ocrx_word' id='word_1_558' title='bbox 1349 2719 1393 2755; x_wconf 90' lang='lat' dir='ltr'>nos</span> <span class='ocrx_word' id='word_1_559' title='bbox 1407 2705 1506 2755; x_wconf 85' lang='lat' dir='ltr'>decreto</span> <span class='ocrx_word' id='word_1_560' title='bbox 1517 2705 1710 2768; x_wconf 79' lang='lat' dir='ltr'>obtemperantes</span> 
     </span>
     <span class='ocr_line' id='line_1_74' title="bbox 923 2795 1708 2862; baseline 0.006 -17"><span class='ocrx_word' id='word_1_561' title='bbox 923 2795 1063 2856; x_wconf 87' lang='lat' dir='ltr'>aderamus,</span> <span class='ocrx_word' id='word_1_562' title='bbox 1074 2797 1225 2859; x_wconf 84' lang='lat' dir='ltr'>&#39;rracbinus,</span> <span class='ocrx_word' id='word_1_563' title='bbox 1240 2801 1336 2860; x_wconf 87' lang='lat' dir='ltr'>arrepta</span> <span class='ocrx_word' id='word_1_564' title='bbox 1346 2798 1485 2857; x_wconf 77' lang='lat' dir='ltr'>chariclea,</span> <span class='ocrx_word' id='word_1_565' title='bbox 1498 2799 1562 2847; x_wconf 83' lang='lat' dir='ltr'>ttitrit</span> <span class='ocrx_word' id='word_1_566' title='bbox 1575 2800 1606 2849; x_wconf 87' lang='lat' dir='ltr'>od</span> <span class='ocrx_word' id='word_1_567' title='bbox 1621 2805 1658 2862; x_wconf 89' lang='lat' dir='ltr'>te,</span> <span class='ocrx_word' id='word_1_568' title='bbox 1675 2802 1708 2850; x_wconf 91' lang='lat' dir='ltr'>in-</span> 
     </span>
     <span class='ocr_line' id='line_1_75' title="bbox 924 2891 1708 2954; baseline 0.006 -16"><span class='ocrx_word' id='word_1_569' title='bbox 924 2892 986 2953; x_wconf 91' lang='lat' dir='ltr'>quit,</span> <span class='ocrx_word' id='word_1_570' title='bbox 1003 2891 1107 2953; x_wconf 87' lang='lat' dir='ltr'>pertinet</span> <span class='ocrx_word' id='word_1_571' title='bbox 1122 2892 1170 2941; x_wconf 90' lang='lat' dir='ltr'>boc</span> <span class='ocrx_word' id='word_1_572' title='bbox 1184 2892 1273 2941; x_wconf 89' lang='lat' dir='ltr'>betium</span> <span class='ocrx_word' id='word_1_573' title='bbox 1283 2927 1290 2951; x_wconf 95' lang='lat'>,</span> <span class='ocrx_word' id='word_1_574' title='bbox 1302 2893 1436 2952; x_wconf 84' lang='lat' dir='ltr'>carissima,</span> <span class='ocrx_word' id='word_1_575' title='bbox 1451 2893 1491 2941; x_wconf 88' lang='lat' dir='ltr'>sed</span> <span class='ocrx_word' id='word_1_576' title='bbox 1507 2897 1603 2954; x_wconf 89' lang='lat' dir='ltr'>propter</span> <span class='ocrx_word' id='word_1_577' title='bbox 1620 2897 1643 2943; x_wconf 91' lang='lat' dir='ltr'>tc</span> <span class='ocrx_word' id='word_1_578' title='bbox 1656 2909 1708 2944; x_wconf 83' lang='lat' dir='ltr'>sris·</span> 
     </span>
     <span class='ocr_line' id='line_1_76' title="bbox 923 2985 1717 3050; baseline 0.001 -16"><span class='ocrx_word' id='word_1_579' title='bbox 923 2987 1019 3047; x_wconf 88' lang='lat' dir='ltr'>ceptum</span> <span class='ocrx_word' id='word_1_580' title='bbox 1029 2991 1073 3033; x_wconf 90' lang='lat' dir='ltr'>est.</span> <span class='ocrx_word' id='word_1_581' title='bbox 1108 2989 1136 3034; x_wconf 83' lang='lat' dir='ltr'>Et</span> <span class='ocrx_word' id='word_1_582' title='bbox 1143 2985 1315 3046; x_wconf 78' lang='lat' dir='ltr'>teiampridem</span> <span class='ocrx_word' id='word_1_583' title='bbox 1323 2985 1458 3047; x_wconf 88' lang='lat' dir='ltr'>indeusque</span> <span class='ocrx_word' id='word_1_584' title='bbox 1469 2985 1535 3033; x_wconf 87' lang='lat' dir='ltr'>abeo</span> <span class='ocrx_word' id='word_1_585' title='bbox 1543 2988 1717 3050; x_wconf 73' lang='lat' dir='ltr'>temporeque</span> 
     </span>
     <span class='ocr_line' id='line_1_77' title="bbox 924 3079 1709 3141; baseline 0.005 -15"><span class='ocrx_word' id='word_1_586' title='bbox 924 3080 1076 3140; x_wconf 81' lang='lat' dir='ltr'>Zacynthum</span> <span class='ocrx_word' id='word_1_587' title='bbox 1087 3080 1217 3140; x_wconf 85' lang='lat' dir='ltr'>reliquistis</span> <span class='ocrx_word' id='word_1_588' title='bbox 1226 3092 1324 3140; x_wconf 88' lang='lat' dir='ltr'>sequor,</span> <span class='ocrx_word' id='word_1_589' title='bbox 1334 3080 1428 3127; x_wconf 89' lang='lat' dir='ltr'>tanturn</span> <span class='ocrx_word' id='word_1_590' title='bbox 1439 3081 1534 3140; x_wconf 88' lang='lat' dir='ltr'>propter</span> <span class='ocrx_word' id='word_1_591' title='bbox 1545 3079 1570 3127; x_wconf 89' lang='lat' dir='ltr'>te</span> <span class='ocrx_word' id='word_1_592' title='bbox 1579 3085 1602 3127; x_wconf 91' lang='lat' dir='ltr'>et</span> <span class='ocrx_word' id='word_1_593' title='bbox 1612 3079 1709 3141; x_wconf 78' lang='lat' dir='ltr'>pelagus</span> 
     </span>
     <span class='ocr_line' id='line_1_78' title="bbox 924 3170 1710 3235; baseline 0.006 -16"><span class='ocrx_word' id='word_1_594' title='bbox 924 3174 948 3219; x_wconf 91' lang='lat' dir='ltr'>et</span> <span class='ocrx_word' id='word_1_595' title='bbox 961 3171 1095 3235; x_wconf 85' lang='lat' dir='ltr'>pericutum</span> <span class='ocrx_word' id='word_1_596' title='bbox 1111 3184 1241 3233; x_wconf 80' lang='lat' dir='ltr'>aggressus.</span> <span class='ocrx_word' id='word_1_597' title='bbox 1273 3170 1436 3229; x_wconf 81' lang='lat' dir='ltr'>Quamobrem</span> <span class='ocrx_word' id='word_1_598' title='bbox 1454 3173 1538 3221; x_wconf 88' lang='lat' dir='ltr'>omitte</span> <span class='ocrx_word' id='word_1_599' title='bbox 1557 3175 1667 3222; x_wconf 89' lang='lat' dir='ltr'>timorem</span> <span class='ocrx_word' id='word_1_600' title='bbox 1686 3178 1710 3224; x_wconf 91' lang='lat' dir='ltr'>ct</span> 
     </span>
     <span class='ocr_line' id='line_1_79' title="bbox 923 3264 1707 3324; baseline 0.003 -11"><span class='ocrx_word' id='word_1_601' title='bbox 923 3264 979 3313; x_wconf 79' lang='lat' dir='ltr'>artes</span> <span class='ocrx_word' id='word_1_602' title='bbox 989 3266 1071 3313; x_wconf 88' lang='lat' dir='ltr'>auimo</span> <span class='ocrx_word' id='word_1_603' title='bbox 1082 3267 1107 3316; x_wconf 87' lang='lat' dir='ltr'>et</span> <span class='ocrx_word' id='word_1_604' title='bbox 1125 3264 1193 3324; x_wconf 86' lang='lat' dir='ltr'>scito,</span> <span class='ocrx_word' id='word_1_605' title='bbox 1214 3267 1238 3314; x_wconf 88' lang='lat' dir='ltr'>te</span> <span class='ocrx_word' id='word_1_606' title='bbox 1252 3264 1374 3314; x_wconf 86' lang='lat' dir='ltr'>dominam</span> <span class='ocrx_word' id='word_1_607' title='bbox 1389 3265 1498 3314; x_wconf 86' lang='lat' dir='ltr'>omniurn</span> <span class='ocrx_word' id='word_1_608' title='bbox 1512 3267 1597 3315; x_wconf 90' lang='lat' dir='ltr'>borum</span> <span class='ocrx_word' id='word_1_609' title='bbox 1613 3281 1707 3317; x_wconf 81' lang='lat' dir='ltr'>mecum</span> 
     </span>
     <span class='ocr_line' id='line_1_80' title="bbox 923 3359 1710 3422; baseline 0.004 -15"><span class='ocrx_word' id='word_1_610' title='bbox 923 3371 974 3407; x_wconf 86' lang='lat' dir='ltr'>csse</span> <span class='ocrx_word' id='word_1_611' title='bbox 994 3360 1110 3407; x_wconf 78' lang='lat' dir='ltr'>futuram.</span> <span class='ocrx_word' id='word_1_612' title='bbox 1144 3360 1203 3407; x_wconf 76' lang='lat' dir='ltr'>ttaec</span> <span class='ocrx_word' id='word_1_613' title='bbox 1226 3359 1266 3407; x_wconf 88' lang='lat' dir='ltr'>itte</span> <span class='ocrx_word' id='word_1_614' title='bbox 1288 3359 1385 3421; x_wconf 89' lang='lat' dir='ltr'>quidem</span> <span class='ocrx_word' id='word_1_615' title='bbox 1407 3359 1511 3407; x_wconf 87' lang='lat' dir='ltr'>dicebat.</span> <span class='ocrx_word' id='word_1_616' title='bbox 1544 3362 1575 3409; x_wconf 80' lang='lat' dir='ltr'>at</span> <span class='ocrx_word' id='word_1_617' title='bbox 1591 3360 1631 3408; x_wconf 88' lang='lat' dir='ltr'>itta</span> <span class='ocrx_word' id='word_1_618' title='bbox 1650 3363 1659 3422; x_wconf 77' lang='lat' dir='ltr'>i</span> <span class='ocrx_word' id='word_1_619' title='bbox 1675 3366 1710 3410; x_wconf 81' lang='lat' dir='ltr'>est</span> 
     </span>
     <span class='ocr_line' id='line_1_81' title="bbox 924 3452 1709 3515; baseline 0.001 -14"><span class='ocrx_word' id='word_1_620' title='bbox 924 3452 987 3501; x_wconf 86' lang='lat' dir='ltr'>caim</span> <span class='ocrx_word' id='word_1_621' title='bbox 996 3453 1088 3515; x_wconf 19' lang='lat' dir='ltr'>,mutter</span> <span class='ocrx_word' id='word_1_622' title='bbox 1101 3452 1300 3514; x_wconf 87' lang='lat' dir='ltr'>prudentissima,</span> <span class='ocrx_word' id='word_1_623' title='bbox 1315 3452 1477 3515; x_wconf 85' lang='lat' dir='ltr'>temporisque</span> <span class='ocrx_word' id='word_1_624' title='bbox 1498 3453 1616 3502; x_wconf 89' lang='lat' dir='ltr'>rationem</span> <span class='ocrx_word' id='word_1_625' title='bbox 1630 3455 1709 3502; x_wconf 79' lang='lat' dir='ltr'>cousi·</span> 
     </span>
     <span class='ocr_line' id='line_1_82' title="bbox 923 3545 1711 3609; baseline 0.003 -14"><span class='ocrx_word' id='word_1_626' title='bbox 923 3545 1007 3595; x_wconf 86' lang='lat' dir='ltr'>derare</span> <span class='ocrx_word' id='word_1_627' title='bbox 1027 3549 1051 3594; x_wconf 90' lang='lat' dir='ltr'>et</span> <span class='ocrx_word' id='word_1_628' title='bbox 1069 3548 1094 3595; x_wconf 90' lang='lat' dir='ltr'>in</span> <span class='ocrx_word' id='word_1_629' title='bbox 1109 3546 1201 3595; x_wconf 85' lang='lat' dir='ltr'>bonrrrn</span> <span class='ocrx_word' id='word_1_630' title='bbox 1214 3553 1307 3597; x_wconf 80' lang='lat' dir='ltr'>uertere</span> <span class='ocrx_word' id='word_1_631' title='bbox 1328 3547 1373 3595; x_wconf 86' lang='lat' dir='ltr'>scit</span> <span class='ocrx_word' id='word_1_632' title='bbox 1390 3546 1507 3595; x_wconf 89' lang='lat' dir='ltr'>industria</span> <span class='ocrx_word' id='word_1_633' title='bbox 1526 3547 1672 3609; x_wconf 79' lang='lat' dir='ltr'>singutari),</span> <span class='ocrx_word' id='word_1_634' title='bbox 1687 3551 1711 3597; x_wconf 88' lang='lat' dir='ltr'>et</span> 
     </span>
     <span class='ocr_line' id='line_1_83' title="bbox 924 3639 1710 3702; baseline 0 -14"><span class='ocrx_word' id='word_1_635' title='bbox 924 3639 1710 3702; x_wconf 64' lang='lat' dir='ltr'>nonnihitexmeaadmontnonqmorosamcircumstantiarum</span> 
     </span>
     <span class='ocr_line' id='line_1_84' title="bbox 925 3733 1709 3798; baseline 0.001 -19"><span class='ocrx_word' id='word_1_636' title='bbox 925 3733 995 3782; x_wconf 88' lang='lat' dir='ltr'>ruttu</span> <span class='ocrx_word' id='word_1_637' title='bbox 1008 3747 1109 3783; x_wconf 84' lang='lat' dir='ltr'>excusso</span> <span class='ocrx_word' id='word_1_638' title='bbox 1120 3738 1144 3784; x_wconf 89' lang='lat' dir='ltr'>et</span> <span class='ocrx_word' id='word_1_639' title='bbox 1153 3735 1183 3784; x_wconf 87' lang='lat' dir='ltr'>ad</span> <span class='ocrx_word' id='word_1_640' title='bbox 1192 3737 1345 3785; x_wconf 82' lang='lat' dir='ltr'>venustatem</span> <span class='ocrx_word' id='word_1_641' title='bbox 1352 3737 1425 3798; x_wconf 88' lang='lat' dir='ltr'>atque</span> <span class='ocrx_word' id='word_1_642' title='bbox 1433 3736 1557 3784; x_wconf 83' lang='lat' dir='ltr'>iiiecebras</span> <span class='ocrx_word' id='word_1_643' title='bbox 1563 3735 1695 3796; x_wconf 81' lang='lat' dir='ltr'>consposito</span> <span class='ocrx_word' id='word_1_644' title='bbox 1705 3751 1709 3780; x_wconf 95' lang='lat'>:</span> 
     </span>
     <span class='ocr_line' id='line_1_85' title="bbox 924 3827 1709 3890; baseline -0.005 -15"><span class='ocrx_word' id='word_1_645' title='bbox 924 3828 954 3875; x_wconf 75' lang='lat' dir='ltr'>At</span> <span class='ocrx_word' id='word_1_646' title='bbox 966 3841 1021 3888; x_wconf 78' lang='lat' dir='ltr'>ego,</span> <span class='ocrx_word' id='word_1_647' title='bbox 1032 3827 1120 3890; x_wconf 89' lang='lat' dir='ltr'>inquit,</span> <span class='ocrx_word' id='word_1_648' title='bbox 1133 3827 1179 3875; x_wconf 90' lang='lat' dir='ltr'>diis</span> <span class='ocrx_word' id='word_1_649' title='bbox 1192 3842 1236 3890; x_wconf 82' lang='lat' dir='ltr'>ago</span> <span class='ocrx_word' id='word_1_650' title='bbox 1247 3830 1348 3889; x_wconf 83' lang='lat' dir='ltr'>gratias,</span> <span class='ocrx_word' id='word_1_651' title='bbox 1360 3828 1402 3890; x_wconf 92' lang='lat' dir='ltr'>qui</span> <span class='ocrx_word' id='word_1_652' title='bbox 1415 3828 1461 3876; x_wconf 86' lang='lat' dir='ltr'>bne</span> <span class='ocrx_word' id='word_1_653' title='bbox 1471 3829 1493 3874; x_wconf 89' lang='lat' dir='ltr'>iu</span> <span class='ocrx_word' id='word_1_654' title='bbox 1509 3828 1616 3875; x_wconf 77' lang='lat' dir='ltr'>anianum</span> <span class='ocrx_word' id='word_1_655' title='bbox 1630 3829 1709 3883; x_wconf 77' lang='lat' dir='ltr'>titirus,</span> 
     </span>
     <span class='ocr_line' id='line_1_86' title="bbox 926 3917 1710 3983; baseline -0.003 -16"><span class='ocrx_word' id='word_1_656' title='bbox 926 3922 954 3967; x_wconf 92' lang='lat' dir='ltr'>ut</span> <span class='ocrx_word' id='word_1_657' title='bbox 964 3921 1069 3970; x_wconf 83' lang='lat' dir='ltr'>tentusin</span> <span class='ocrx_word' id='word_1_658' title='bbox 1080 3920 1123 3969; x_wconf 87' lang='lat' dir='ltr'>nos</span> <span class='ocrx_word' id='word_1_659' title='bbox 1134 3923 1235 3983; x_wconf 85' lang='lat' dir='ltr'>statuas,</span> <span class='ocrx_word' id='word_1_660' title='bbox 1245 3922 1371 3971; x_wconf 87' lang='lat' dir='ltr'>inducunt.</span> <span class='ocrx_word' id='word_1_661' title='bbox 1404 3920 1504 3977; x_wconf 81' lang='lat' dir='ltr'>Quodsi</span> <span class='ocrx_word' id='word_1_662' title='bbox 1515 3932 1554 3967; x_wconf 90' lang='lat' dir='ltr'>me</span> <span class='ocrx_word' id='word_1_663' title='bbox 1565 3920 1600 3967; x_wconf 89' lang='lat' dir='ltr'>ris</span> <span class='ocrx_word' id='word_1_664' title='bbox 1611 3917 1710 3965; x_wconf 89' lang='lat' dir='ltr'>ornniuo</span> 
     </span>
    </p>
   </div>
   <div class='ocr_carea' id='block_1_10' title="bbox 924 4008 1710 4598">
    <p class='ocr_par' dir='ltr' id='par_1_10' title="bbox 924 4008 1710 4598">
     <span class='ocr_line' id='line_1_87' title="bbox 924 4008 1710 4075; baseline -0.008 -14"><span class='ocrx_word' id='word_1_665' title='bbox 924 4013 1084 4062; x_wconf 81' lang='lat' dir='ltr'>confidentem</span> <span class='ocrx_word' id='word_1_666' title='bbox 1103 4026 1153 4063; x_wconf 84' lang='lat' dir='ltr'>csse</span> <span class='ocrx_word' id='word_1_667' title='bbox 1165 4018 1189 4064; x_wconf 90' lang='lat' dir='ltr'>et</span> <span class='ocrx_word' id='word_1_668' title='bbox 1202 4028 1307 4075; x_wconf 89' lang='lat' dir='ltr'>manere,</span> <span class='ocrx_word' id='word_1_669' title='bbox 1327 4013 1414 4063; x_wconf 78' lang='lat' dir='ltr'>exiribe</span> <span class='ocrx_word' id='word_1_670' title='bbox 1432 4013 1494 4059; x_wconf 81' lang='lat' dir='ltr'>trano</span> <span class='ocrx_word' id='word_1_671' title='bbox 1507 4011 1608 4072; x_wconf 89' lang='lat' dir='ltr'>primam</span> <span class='ocrx_word' id='word_1_672' title='bbox 1622 4008 1710 4071; x_wconf 80' lang='lat' dir='ltr'>signiti-</span> 
     </span>
     <span class='ocr_line' id='line_1_88' title="bbox 924 4097 1709 4162; baseline -0.008 -14"><span class='ocrx_word' id='word_1_673' title='bbox 924 4102 1042 4149; x_wconf 82' lang='lat' dir='ltr'>catiouem</span> <span class='ocrx_word' id='word_1_674' title='bbox 1055 4103 1104 4149; x_wconf 70' lang='lat' dir='ltr'>tuae</span> <span class='ocrx_word' id='word_1_675' title='bbox 1114 4115 1170 4162; x_wconf 79' lang='lat' dir='ltr'>erga</span> <span class='ocrx_word' id='word_1_676' title='bbox 1182 4115 1221 4149; x_wconf 88' lang='lat' dir='ltr'>me</span> <span class='ocrx_word' id='word_1_677' title='bbox 1233 4101 1407 4150; x_wconf 80' lang='lat' dir='ltr'>beneroteutiae</span> <span class='ocrx_word' id='word_1_678' title='bbox 1422 4118 1428 4147; x_wconf 84' lang='lat'>:</span> <span class='ocrx_word' id='word_1_679' title='bbox 1442 4099 1539 4146; x_wconf 87' lang='lat' dir='ltr'>tratrem</span> <span class='ocrx_word' id='word_1_680' title='bbox 1553 4097 1619 4144; x_wconf 80' lang='lat' dir='ltr'>tiano</span> <span class='ocrx_word' id='word_1_681' title='bbox 1628 4109 1709 4144; x_wconf 80' lang='lat' dir='ltr'>inerim</span> 
     </span>
     <span class='ocr_line' id='line_1_89' title="bbox 925 4184 1709 4250; baseline -0.005 -14"><span class='ocrx_word' id='word_1_682' title='bbox 925 4190 949 4236; x_wconf 90' lang='lat' dir='ltr'>ci</span> <span class='ocrx_word' id='word_1_683' title='bbox 960 4192 1051 4248; x_wconf 86' lang='lat' dir='ltr'>patrem</span> <span class='ocrx_word' id='word_1_684' title='bbox 1063 4201 1142 4247; x_wconf 83' lang='lat' dir='ltr'>serra,</span> <span class='ocrx_word' id='word_1_685' title='bbox 1158 4202 1235 4250; x_wconf 87' lang='lat' dir='ltr'>neque</span> <span class='ocrx_word' id='word_1_686' title='bbox 1243 4188 1329 4249; x_wconf 85' lang='lat' dir='ltr'>jubeas</span> <span class='ocrx_word' id='word_1_687' title='bbox 1338 4187 1390 4236; x_wconf 90' lang='lat' dir='ltr'>itios</span> <span class='ocrx_word' id='word_1_688' title='bbox 1402 4199 1487 4234; x_wconf 85' lang='lat' dir='ltr'>narem</span> <span class='ocrx_word' id='word_1_689' title='bbox 1497 4184 1614 4233; x_wconf 82' lang='lat' dir='ltr'>deserere.</span> <span class='ocrx_word' id='word_1_690' title='bbox 1648 4186 1709 4232; x_wconf 80' lang='lat' dir='ltr'>Nam</span> 
     </span>
     <span class='ocr_line' id='line_1_90' title="bbox 927 4272 1708 4338; baseline -0.005 -16"><span class='ocrx_word' id='word_1_691' title='bbox 927 4274 963 4323; x_wconf 90' lang='lat' dir='ltr'>bis</span> <span class='ocrx_word' id='word_1_692' title='bbox 973 4275 1101 4338; x_wconf 76' lang='lat' dir='ltr'>separatis,</span> <span class='ocrx_word' id='word_1_693' title='bbox 1112 4276 1247 4325; x_wconf 89' lang='lat' dir='ltr'>nuttaratio</span> <span class='ocrx_word' id='word_1_694' title='bbox 1258 4279 1295 4325; x_wconf 83' lang='lat' dir='ltr'>cst</span> <span class='ocrx_word' id='word_1_695' title='bbox 1305 4289 1359 4336; x_wconf 72' lang='lat' dir='ltr'>quae</span> <span class='ocrx_word' id='word_1_696' title='bbox 1370 4288 1408 4323; x_wconf 90' lang='lat' dir='ltr'>me</span> <span class='ocrx_word' id='word_1_697' title='bbox 1419 4273 1443 4322; x_wconf 95' lang='lat' dir='ltr'>in</span> <span class='ocrx_word' id='word_1_698' title='bbox 1455 4272 1506 4321; x_wconf 83' lang='lat' dir='ltr'>rita</span> <span class='ocrx_word' id='word_1_699' title='bbox 1515 4273 1617 4320; x_wconf 88' lang='lat' dir='ltr'>retinere</span> <span class='ocrx_word' id='word_1_700' title='bbox 1626 4275 1708 4331; x_wconf 87' lang='lat' dir='ltr'>queat.</span> 
     </span>
     <span class='ocr_line' id='line_1_91' title="bbox 926 4356 1708 4424; baseline -0.006 -14"><span class='ocrx_word' id='word_1_701' title='bbox 926 4365 956 4411; x_wconf 84' lang='lat' dir='ltr'>Et</span> <span class='ocrx_word' id='word_1_702' title='bbox 967 4363 1048 4422; x_wconf 86' lang='lat' dir='ltr'>simut,</span> <span class='ocrx_word' id='word_1_703' title='bbox 1061 4362 1114 4411; x_wconf 71' lang='lat' dir='ltr'>bars</span> <span class='ocrx_word' id='word_1_704' title='bbox 1129 4363 1220 4422; x_wconf 87' lang='lat' dir='ltr'>dicens,</span> <span class='ocrx_word' id='word_1_705' title='bbox 1237 4362 1413 4424; x_wconf 84' lang='lat' dir='ltr'>procumbebat</span> <span class='ocrx_word' id='word_1_706' title='bbox 1423 4359 1453 4408; x_wconf 89' lang='lat' dir='ltr'>ad</span> <span class='ocrx_word' id='word_1_707' title='bbox 1466 4359 1528 4408; x_wconf 88' lang='lat' dir='ltr'>iltius</span> <span class='ocrx_word' id='word_1_708' title='bbox 1541 4370 1618 4419; x_wconf 80' lang='lat' dir='ltr'>genua</span> <span class='ocrx_word' id='word_1_709' title='bbox 1632 4359 1656 4405; x_wconf 88' lang='lat' dir='ltr'>et</span> <span class='ocrx_word' id='word_1_710' title='bbox 1667 4356 1708 4405; x_wconf 89' lang='lat' dir='ltr'>diu</span> 
     </span>
     <span class='ocr_line' id='line_1_92' title="bbox 925 4445 1708 4511; baseline -0.006 -13"><span class='ocrx_word' id='word_1_711' title='bbox 925 4450 1022 4498; x_wconf 82' lang='lat' dir='ltr'>tenebat</span> <span class='ocrx_word' id='word_1_712' title='bbox 1045 4450 1144 4511; x_wconf 80' lang='lat' dir='ltr'>supptex</span> <span class='ocrx_word' id='word_1_713' title='bbox 1156 4485 1163 4508; x_wconf 88' lang='lat'>,</span> <span class='ocrx_word' id='word_1_714' title='bbox 1177 4450 1296 4500; x_wconf 78' lang='lat' dir='ltr'>Trachina</span> <span class='ocrx_word' id='word_1_715' title='bbox 1319 4463 1345 4498; x_wconf 86' lang='lat' dir='ltr'>se</span> <span class='ocrx_word' id='word_1_716' title='bbox 1363 4446 1515 4508; x_wconf 76' lang='lat' dir='ltr'>emptoribus</span> <span class='ocrx_word' id='word_1_717' title='bbox 1528 4445 1664 4494; x_wconf 83' lang='lat' dir='ltr'>obtestante</span> <span class='ocrx_word' id='word_1_718' title='bbox 1685 4449 1708 4494; x_wconf 90' lang='lat' dir='ltr'>et</span> 
     </span>
     <span class='ocr_line' id='line_1_93' title="bbox 925 4532 1710 4598; baseline -0.005 -14"><span class='ocrx_word' id='word_1_719' title='bbox 925 4536 1105 4598; x_wconf 87' lang='lat' dir='ltr'>promissionem</span> <span class='ocrx_word' id='word_1_720' title='bbox 1116 4551 1145 4585; x_wconf 84' lang='lat' dir='ltr'>ex</span> <span class='ocrx_word' id='word_1_721' title='bbox 1162 4538 1279 4586; x_wconf 88' lang='lat' dir='ltr'>industria</span> <span class='ocrx_word' id='word_1_722' title='bbox 1296 4534 1456 4597; x_wconf 80' lang='lat' dir='ltr'>protrahente.</span> <span class='ocrx_word' id='word_1_723' title='bbox 1490 4532 1596 4582; x_wconf 84' lang='lat' dir='ltr'>Tandem</span> <span class='ocrx_word' id='word_1_724' title='bbox 1614 4546 1670 4581; x_wconf 89' lang='lat' dir='ltr'>curn</span> <span class='ocrx_word' id='word_1_725' title='bbox 1685 4535 1710 4581; x_wconf 91' lang='lat' dir='ltr'>ct</span> 
     </span>
    </p>
   </div>
   <div class='ocr_carea' id='block_1_11' title="bbox 91 4617 1709 4707">
    <p class='ocr_par' dir='ltr' id='par_1_11' title="bbox 91 4617 1709 4707">
     <span class='ocr_line' id='line_1_94' title="bbox 91 4617 1709 4707; baseline -0.005 -31"><span class='ocrx_word' id='word_1_726' title='bbox 91 4643 145 4676; x_wconf 80' lang='grc' dir='ltr'>των</span> <span class='ocrx_word' id='word_1_727' title='bbox 159 4619 223 4695; x_wconf 84' lang='grc' dir='ltr'>πρὸς</span> <span class='ocrx_word' id='word_1_728' title='bbox 232 4618 262 4675; x_wconf 81' lang='grc' dir='ltr'>τὸ</span> <span class='ocrx_word' id='word_1_729' title='bbox 273 4621 387 4689; x_wconf 81' lang='grc' dir='ltr'>ὑπήκοον</span> <span class='ocrx_word' id='word_1_730' title='bbox 402 4620 556 4695; x_wconf 72' lang='grc' dir='ltr'>ἐδουλοῦτο,</span> <span class='ocrx_word' id='word_1_731' title='bbox 570 4618 616 4688; x_wconf 75' lang='grc' dir='ltr'>τήν</span> <span class='ocrx_word' id='word_1_732' title='bbox 628 4617 707 4697; x_wconf 85' lang='grc' dir='ltr'>κόρην</span> <span class='ocrx_word' id='word_1_733' title='bbox 720 4618 879 4686; x_wconf 79' lang='grc' dir='ltr'>ἀναστήσας,</span> <span class='ocrx_word' id='word_1_734' title='bbox 903 4640 905 4707; x_wconf 79' lang='grc' dir='ltr'>γ</span> <span class='ocrx_word' id='word_1_735' title='bbox 925 4625 957 4673; x_wconf 89' lang='lat' dir='ltr'>ob</span> <span class='ocrx_word' id='word_1_736' title='bbox 969 4625 1082 4673; x_wconf 86' lang='lat' dir='ltr'>tucriruas</span> <span class='ocrx_word' id='word_1_737' title='bbox 1095 4624 1119 4672; x_wconf 92' lang='lat' dir='ltr'>in</span> <span class='ocrx_word' id='word_1_738' title='bbox 1129 4624 1363 4673; x_wconf 84' lang='lat' dir='ltr'>commiserationem</span> <span class='ocrx_word' id='word_1_739' title='bbox 1376 4621 1546 4681; x_wconf 82' lang='lat' dir='ltr'>deduceretur,</span> <span class='ocrx_word' id='word_1_740' title='bbox 1560 4623 1585 4670; x_wconf 90' lang='lat' dir='ltr'>et</span> <span class='ocrx_word' id='word_1_741' title='bbox 1598 4621 1666 4670; x_wconf 87' lang='lat' dir='ltr'>ruttu</span> <span class='ocrx_word' id='word_1_742' title='bbox 1679 4621 1709 4668; x_wconf 90' lang='lat' dir='ltr'>ad</span> 
     </span>
    </p>
   </div>
   <div class='ocr_carea' id='block_1_12' title="bbox 49 4704 880 5317">
    <p class='ocr_par' dir='ltr' id='par_1_12' title="bbox 49 4704 880 5317">
     <span class='ocr_line' id='line_1_95' title="bbox 90 4704 878 4786; baseline 0 -22"><span class='ocrx_word' id='word_1_743' title='bbox 90 4707 147 4767; x_wconf 79' lang='grc' dir='ltr'>Τὸν</span> <span class='ocrx_word' id='word_1_744' title='bbox 164 4704 213 4782; x_wconf 85' lang='grc' dir='ltr'>μὲν</span> <span class='ocrx_word' id='word_1_745' title='bbox 235 4706 358 4783; x_wconf 77' lang='grc' dir='ltr'>άδελρὸν,</span> <span class='ocrx_word' id='word_1_746' title='bbox 374 4705 438 4785; x_wconf 82' lang='grc' dir='ltr'>ἔρη,</span> <span class='ocrx_word' id='word_1_747' title='bbox 454 4708 588 4786; x_wconf 78' lang='grc' dir='ltr'>δυνροῖμαί</span> <span class='ocrx_word' id='word_1_748' title='bbox 603 4729 644 4764; x_wconf 91' lang='grc' dir='ltr'>σοι</span> <span class='ocrx_word' id='word_1_749' title='bbox 662 4707 707 4764; x_wconf 83' lang='grc' dir='ltr'>καί</span> <span class='ocrx_word' id='word_1_750' title='bbox 722 4706 794 4782; x_wconf 87' lang='grc' dir='ltr'>μάλα</span> <span class='ocrx_word' id='word_1_751' title='bbox 817 4706 878 4785; x_wconf 88' lang='grc' dir='ltr'>χαί·</span> 
     </span>
     <span class='ocr_line' id='line_1_96' title="bbox 94 4790 880 4875; baseline 0 -23"><span class='ocrx_word' id='word_1_752' title='bbox 94 4818 163 4873; x_wconf 83' lang='grc' dir='ltr'>ρων,</span> <span class='ocrx_word' id='word_1_753' title='bbox 183 4794 236 4871; x_wconf 80' lang='grc' dir='ltr'>δρῶ</span> <span class='ocrx_word' id='word_1_754' title='bbox 253 4790 303 4874; x_wconf 74' lang='grc' dir='ltr'>γάρ</span> <span class='ocrx_word' id='word_1_755' title='bbox 317 4795 450 4853; x_wconf 87' lang='grc' dir='ltr'>νεανίσκον</span> <span class='ocrx_word' id='word_1_756' title='bbox 475 4796 579 4874; x_wconf 79' lang='grc' dir='ltr'>ἀνδρίας</span> <span class='ocrx_word' id='word_1_757' title='bbox 600 4795 745 4870; x_wconf 81' lang='grc' dir='ltr'>ἀνάμεστον</span> <span class='ocrx_word' id='word_1_758' title='bbox 761 4796 806 4853; x_wconf 85' lang='grc' dir='ltr'>καί</span> <span class='ocrx_word' id='word_1_759' title='bbox 831 4794 880 4875; x_wconf 81' lang='grc' dir='ltr'>βίῳ</span> 
     </span>
     <span class='ocr_line' id='line_1_97' title="bbox 49 4879 878 4963; baseline -0.001 -22"><span class='ocrx_word' id='word_1_760' title='bbox 49 4906 79 4942; x_wconf 84' lang='lat' dir='ltr'>ao</span> <span class='ocrx_word' id='word_1_761' title='bbox 93 4886 131 4962; x_wconf 81' lang='grc' dir='ltr'>τῷ</span> <span class='ocrx_word' id='word_1_762' title='bbox 151 4879 274 4963; x_wconf 74' lang='grc' dir='ltr'>ἡμετέρῳ</span> <span class='ocrx_word' id='word_1_763' title='bbox 296 4882 426 4941; x_wconf 87' lang='grc' dir='ltr'>συντελεῖν</span> <span class='ocrx_word' id='word_1_764' title='bbox 442 4883 600 4953; x_wconf 62' lang='grc' dir='ltr'>ἐπιτήδειον,</span> <span class='ocrx_word' id='word_1_765' title='bbox 638 4881 705 4943; x_wconf 85' lang='grc' dir='ltr'>Ὅδε</span> <span class='ocrx_word' id='word_1_766' title='bbox 721 4885 744 4942; x_wconf 87' lang='grc' dir='ltr'>δ’</span> <span class='ocrx_word' id='word_1_767' title='bbox 764 4888 778 4941; x_wconf 83' lang='grc' dir='ltr'><strong>ὁ</strong></span> <span class='ocrx_word' id='word_1_768' title='bbox 798 4907 878 4963; x_wconf 82' lang='grc' dir='ltr'>πρεσ·</span> 
     </span>
     <span class='ocr_line' id='line_1_98' title="bbox 93 4968 879 5051; baseline 0.004 -25"><span class='ocrx_word' id='word_1_769' title='bbox 93 4970 186 5048; x_wconf 69' lang='grc' dir='ltr'>θύτης,</span> <span class='ocrx_word' id='word_1_770' title='bbox 198 4968 277 5048; x_wconf 86' lang='grc' dir='ltr'>ἄχθος</span> <span class='ocrx_word' id='word_1_771' title='bbox 286 4970 439 5043; x_wconf 87' lang='grc' dir='ltr'>τηνάλλως,</span> <span class='ocrx_word' id='word_1_772' title='bbox 451 4973 486 5038; x_wconf 84' lang='grc' dir='ltr'>εἰς</span> <span class='ocrx_word' id='word_1_773' title='bbox 499 4972 577 5051; x_wconf 83' lang='grc' dir='ltr'>χάριν</span> <span class='ocrx_word' id='word_1_774' title='bbox 591 4971 673 5048; x_wconf 91' lang='grc' dir='ltr'>μόνην</span> <span class='ocrx_word' id='word_1_775' title='bbox 688 4973 735 5043; x_wconf 80' lang='grc' dir='ltr'>τήν</span> <span class='ocrx_word' id='word_1_776' title='bbox 749 4972 797 5043; x_wconf 74' lang='grc' dir='ltr'>σὴν</span> <span class='ocrx_word' id='word_1_777' title='bbox 811 4995 879 5050; x_wconf 85' lang='grc' dir='ltr'>παρ·</span> 
     </span>
     <span class='ocr_line' id='line_1_99' title="bbox 98 5058 105 5075; baseline 0 0"><span class='ocrx_word' id='word_1_778' title='bbox 98 5058 105 5075; x_wconf 56' lang='lat' dir='ltr'>r</span> 
     </span>
     <span class='ocr_line' id='line_1_100' title="bbox 91 5081 172 5117; baseline 0.025 -1"><span class='ocrx_word' id='word_1_779' title='bbox 91 5081 172 5117; x_wconf 66' lang='lat' dir='ltr'>mir).</span> 
     </span>
     <span class='ocr_line' id='line_1_101' title="bbox 135 5142 880 5225; baseline 0 -20"><span class='ocrx_word' id='word_1_780' title='bbox 135 5142 204 5205; x_wconf 80' lang='lat' dir='ltr'>KZ&#39;.</span> <span class='ocrx_word' id='word_1_781' title='bbox 227 5143 334 5202; x_wconf 86' lang='grc' dir='ltr'>Τούτων</span> <span class='ocrx_word' id='word_1_782' title='bbox 346 5144 390 5202; x_wconf 83' lang='grc' dir='ltr'>καί</span> <span class='ocrx_word' id='word_1_783' title='bbox 402 5144 549 5222; x_wconf 84' lang='grc' dir='ltr'>λεγομένων</span> <span class='ocrx_word' id='word_1_784' title='bbox 563 5147 609 5204; x_wconf 82' lang='grc' dir='ltr'>καί</span> <span class='ocrx_word' id='word_1_785' title='bbox 621 5147 795 5225; x_wconf 81' lang='grc' dir='ltr'>γιγνομένων,</span> <span class='ocrx_word' id='word_1_786' title='bbox 807 5151 821 5206; x_wconf 79' lang='grc' dir='ltr'><strong>ὁ</strong></span> <span class='ocrx_word' id='word_1_787' title='bbox 833 5146 880 5224; x_wconf 70' lang='grc' dir='ltr'>μὲν</span> 
     </span>
     <span class='ocr_line' id='line_1_102' title="bbox 95 5230 879 5317; baseline 0.004 -28"><span class='ocrx_word' id='word_1_788' title='bbox 95 5234 165 5304; x_wconf 71' lang='grc' dir='ltr'>ἥλιος</span> <span class='ocrx_word' id='word_1_789' title='bbox 189 5230 304 5312; x_wconf 79' lang='grc' dir='ltr'>οῖκριύῶς</span> <span class='ocrx_word' id='word_1_790' title='bbox 324 5234 358 5298; x_wconf 84' lang='grc' dir='ltr'>εἰς</span> <span class='ocrx_word' id='word_1_791' title='bbox 380 5233 480 5309; x_wconf 76' lang='grc' dir='ltr'>δυσμὰς</span> <span class='ocrx_word' id='word_1_792' title='bbox 503 5233 660 5313; x_wconf 84' lang='grc' dir='ltr'>περιελθὼν,</span> <span class='ocrx_word' id='word_1_793' title='bbox 680 5235 708 5293; x_wconf 80' lang='grc' dir='ltr'>τό</span> <span class='ocrx_word' id='word_1_794' title='bbox 723 5237 879 5317; x_wconf 83' lang='grc' dir='ltr'>μεταίχμιον</span> 
     </span>
    </p>
   </div>
   <div class='ocr_carea' id='block_1_13' title="bbox 925 4708 1712 5301">
    <p class='ocr_par' dir='ltr' id='par_1_13' title="bbox 925 4708 1710 5126">
     <span class='ocr_line' id='line_1_103' title="bbox 925 4708 1710 4773; baseline -0.008 -12"><span class='ocrx_word' id='word_1_795' title='bbox 925 4711 1107 4773; x_wconf 80' lang='lat' dir='ltr'>obserptendmn</span> <span class='ocrx_word' id='word_1_796' title='bbox 1120 4712 1306 4773; x_wconf 86' lang='lat' dir='ltr'>manciparetur,</span> <span class='ocrx_word' id='word_1_797' title='bbox 1321 4713 1399 4758; x_wconf 87' lang='lat' dir='ltr'>erecta</span> <span class='ocrx_word' id='word_1_798' title='bbox 1413 4708 1519 4769; x_wconf 81' lang='lat' dir='ltr'>virgine,</span> <span class='ocrx_word' id='word_1_799' title='bbox 1534 4711 1643 4758; x_wconf 81' lang='lat' dir='ltr'>Fratrem</span> <span class='ocrx_word' id='word_1_800' title='bbox 1656 4709 1710 4771; x_wconf 91' lang='lat' dir='ltr'>qni·</span> 
     </span>
     <span class='ocr_line' id='line_1_104' title="bbox 925 4796 1710 4861; baseline -0.008 -10"><span class='ocrx_word' id='word_1_801' title='bbox 925 4803 989 4857; x_wconf 81' lang='lat' dir='ltr'>dent,</span> <span class='ocrx_word' id='word_1_802' title='bbox 1000 4799 1087 4860; x_wconf 83' lang='lat' dir='ltr'>inqiut,</span> <span class='ocrx_word' id='word_1_803' title='bbox 1097 4798 1160 4846; x_wconf 88' lang='lat' dir='ltr'>douo</span> <span class='ocrx_word' id='word_1_804' title='bbox 1171 4798 1215 4846; x_wconf 88' lang='lat' dir='ltr'>tibi</span> <span class='ocrx_word' id='word_1_805' title='bbox 1226 4810 1321 4845; x_wconf 72' lang='lat' dir='ltr'>namma</span> <span class='ocrx_word' id='word_1_806' title='bbox 1330 4808 1386 4844; x_wconf 88' lang='lat' dir='ltr'>curu</span> <span class='ocrx_word' id='word_1_807' title='bbox 1397 4796 1529 4845; x_wconf 89' lang='lat' dir='ltr'>rotuntate.</span> <span class='ocrx_word' id='word_1_808' title='bbox 1562 4796 1638 4861; x_wconf 61' lang='lat' dir='ltr'>tideo</span> <span class='ocrx_word' id='word_1_809' title='bbox 1646 4797 1710 4845; x_wconf 83' lang='lat' dir='ltr'>enirn</span> 
     </span>
     <span class='ocr_line' id='line_1_105' title="bbox 926 4883 1710 4949; baseline -0.011 -8"><span class='ocrx_word' id='word_1_810' title='bbox 926 4892 1099 4941; x_wconf 85' lang='lat' dir='ltr'>adolescentem</span> <span class='ocrx_word' id='word_1_811' title='bbox 1114 4889 1210 4949; x_wconf 89' lang='lat' dir='ltr'>pienum</span> <span class='ocrx_word' id='word_1_812' title='bbox 1223 4883 1370 4934; x_wconf 84' lang='lat' dir='ltr'>tortitudinis</span> <span class='ocrx_word' id='word_1_813' title='bbox 1384 4887 1408 4934; x_wconf 89' lang='lat' dir='ltr'>et</span> <span class='ocrx_word' id='word_1_814' title='bbox 1420 4885 1462 4946; x_wconf 90' lang='lat' dir='ltr'>qui</span> <span class='ocrx_word' id='word_1_815' title='bbox 1477 4884 1609 4934; x_wconf 89' lang='lat' dir='ltr'>rationibus</span> <span class='ocrx_word' id='word_1_816' title='bbox 1622 4886 1710 4935; x_wconf 85' lang='lat' dir='ltr'>nostris</span> 
     </span>
     <span class='ocr_line' id='line_1_106' title="bbox 925 4972 1709 5040; baseline -0.008 -12"><span class='ocrx_word' id='word_1_817' title='bbox 925 4978 1064 5040; x_wconf 81' lang='lat' dir='ltr'>actjrrmcuto</span> <span class='ocrx_word' id='word_1_818' title='bbox 1078 4987 1130 5024; x_wconf 85' lang='lat' dir='ltr'>esse</span> <span class='ocrx_word' id='word_1_819' title='bbox 1139 4974 1221 5036; x_wconf 85' lang='lat' dir='ltr'>possit.</span> <span class='ocrx_word' id='word_1_820' title='bbox 1257 4976 1335 5022; x_wconf 74' lang='lat' dir='ltr'>Scaea</span> <span class='ocrx_word' id='word_1_821' title='bbox 1350 4975 1432 5021; x_wconf 77' lang='lat' dir='ltr'>atatem</span> <span class='ocrx_word' id='word_1_822' title='bbox 1450 4972 1497 5032; x_wconf 80' lang='lat' dir='ltr'>tric,</span> <span class='ocrx_word' id='word_1_823' title='bbox 1517 4972 1586 5022; x_wconf 89' lang='lat' dir='ltr'>inane</span> <span class='ocrx_word' id='word_1_824' title='bbox 1600 4972 1709 5036; x_wconf 80' lang='lat' dir='ltr'>pendan,</span> 
     </span>
     <span class='ocr_line' id='line_1_107' title="bbox 925 5059 1335 5126; baseline -0.017 -11"><span class='ocrx_word' id='word_1_825' title='bbox 925 5066 950 5116; x_wconf 91' lang='lat' dir='ltr'>io</span> <span class='ocrx_word' id='word_1_826' title='bbox 962 5065 1063 5126; x_wconf 78' lang='lat' dir='ltr'>gratiam</span> <span class='ocrx_word' id='word_1_827' title='bbox 1075 5065 1143 5112; x_wconf 86' lang='lat' dir='ltr'>tuam</span> <span class='ocrx_word' id='word_1_828' title='bbox 1153 5062 1249 5111; x_wconf 85' lang='lat' dir='ltr'>tantum</span> <span class='ocrx_word' id='word_1_829' title='bbox 1265 5059 1335 5109; x_wconf 80' lang='lat' dir='ltr'>adsit</span> 
     </span>
    </p>

    <p class='ocr_par' dir='ltr' id='par_1_14' title="bbox 927 5148 1712 5301">
     <span class='ocr_line' id='line_1_108' title="bbox 957 5148 1712 5212; baseline -0.005 -9"><span class='ocrx_word' id='word_1_830' title='bbox 957 5154 1053 5203; x_wconf 77' lang='lat' dir='ltr'>xxvii.</span> <span class='ocrx_word' id='word_1_831' title='bbox 1061 5155 1118 5202; x_wconf 80' lang='lat' dir='ltr'>ttoec</span> <span class='ocrx_word' id='word_1_832' title='bbox 1127 5164 1183 5200; x_wconf 89' lang='lat' dir='ltr'>curn</span> <span class='ocrx_word' id='word_1_833' title='bbox 1195 5150 1331 5200; x_wconf 86' lang='lat' dir='ltr'>dicerentur</span> <span class='ocrx_word' id='word_1_834' title='bbox 1343 5150 1367 5198; x_wconf 91' lang='lat' dir='ltr'>ct</span> <span class='ocrx_word' id='word_1_835' title='bbox 1380 5150 1480 5208; x_wconf 84' lang='lat' dir='ltr'>beraut,</span> <span class='ocrx_word' id='word_1_836' title='bbox 1490 5148 1524 5197; x_wconf 83' lang='lat' dir='ltr'>sot</span> <span class='ocrx_word' id='word_1_837' title='bbox 1535 5150 1647 5212; x_wconf 88' lang='lat' dir='ltr'>quidem,</span> <span class='ocrx_word' id='word_1_838' title='bbox 1656 5163 1712 5199; x_wconf 84' lang='lat' dir='ltr'>curo</span> 
     </span>
     <span class='ocr_line' id='line_1_109' title="bbox 927 5237 1712 5301; baseline -0.014 -8"><span class='ocrx_word' id='word_1_839' title='bbox 927 5242 1029 5293; x_wconf 88' lang='lat' dir='ltr'>circuitu</span> <span class='ocrx_word' id='word_1_840' title='bbox 1044 5255 1088 5292; x_wconf 86' lang='lat' dir='ltr'>suo</span> <span class='ocrx_word' id='word_1_841' title='bbox 1097 5242 1181 5291; x_wconf 78' lang='lat' dir='ltr'>exacte</span> <span class='ocrx_word' id='word_1_842' title='bbox 1193 5238 1223 5288; x_wconf 87' lang='lat' dir='ltr'>ad</span> <span class='ocrx_word' id='word_1_843' title='bbox 1238 5250 1349 5287; x_wconf 84' lang='lat' dir='ltr'>occasum</span> <span class='ocrx_word' id='word_1_844' title='bbox 1363 5238 1522 5300; x_wconf 71' lang='lat' dir='ltr'>peruenisset,</span> <span class='ocrx_word' id='word_1_845' title='bbox 1536 5238 1639 5301; x_wconf 77' lang='lat' dir='ltr'>spatium</span> <span class='ocrx_word' id='word_1_846' title='bbox 1650 5237 1712 5285; x_wconf 86' lang='lat' dir='ltr'>iuter</span> 
     </span>
    </p>
   </div>
   <div class='ocr_carea' id='block_1_14' title="bbox 0 0 1970 5946">
    <p class='ocr_par' dir='ltr' id='par_1_15' title="bbox 0 0 1970 5946">
     <span class='ocr_line' id='line_1_110' title="bbox 0 0 1970 5946; baseline 0 0"><span class='ocrx_word' id='word_1_847' title='bbox 0 0 1970 5946; x_wconf 95' lang='lat' dir='ltr'> </span> 
     </span>
    </p>
   </div>
  </div>
 </body>
</html>
