3866 5956
447 465 506 519 roe
743 436 751 441 ’
832 412 836 419 ’
914 457 1267 521 ranrsuuucum.

445 590 555 660 animi
566 587 683 677 dotes,
698 588 882 697 selegerat.
896 589 1008 660 Paulo
1020 605 1103 687 post
1117 614 1201 660 cum
1212 614 1255 661 ea
1265 591 1400 662 solvite
1412 608 1535 689 portu,
1547 620 1699 691 reguum
1707 601 1775 671 sibi

446 711 595 783 haeredis
605 712 752 782 nomine
766 726 992 809 excepturus.
1009 712 1080 784 Sed
1098 714 1191 784 iuter
1208 714 1454 807 navigandum
1467 717 1570 788 enixa
1584 733 1639 790 est
1652 722 1777 792 Arcbi·

444 836 580 924 stratis;
606 836 800 930 statimque
823 859 997 932 suspenso
1026 860 1202 907 venarum
1220 835 1328 933 pulsu
1346 859 1412 933 per
1432 836 1573 932 frigoris
1594 840 1775 940 intempe-

444 960 552 1047 riem,
572 973 704 1056 torpet,
721 960 829 1053 riget,
846 972 881 1029 et
893 1012 903 1048 ,
917 958 1017 1055 quod
1034 961 1190 1056 speciem
1207 958 1343 1057 praebet
1358 977 1545 1051 emortuae,
1570 980 1775 1039 emortuam

444 1082 602 1171 babent,
621 1082 819 1181 sepeliunt,
852 1096 960 1177 atque
986 1083 1183 1179 projiciunt
1199 1084 1235 1154 in
1259 1108 1358 1155 mare
1382 1084 1566 1175 loculum,
1584 1087 1648 1183 qui
1670 1113 1774 1178 mox,

443 1205 681 1277 submovente
707 1206 839 1295 fluctu,
868 1230 939 1276 orae
953 1205 1208 1302 Mitylenorum
1230 1206 1412 1279 allabitur.
1430 1210 1589 1280 Tarsiam
1615 1210 1773 1301 interea,

443 1355 567 1401 recens
581 1330 729 1418 editam,
745 1330 944 1401 curandam
961 1330 1069 1402 tradit
1085 1330 1296 1428 Apollonius
1311 1330 1533 1427 Dionysiadi,
1550 1333 1648 1429 apud
1664 1360 1774 1431 qnam

336 1458 342 1467 '
445 1453 600 1523 ineuntis
608 1452 886 1548 quatuordecim
895 1453 1153 1549 primosaetatis
1164 1478 1280 1525 annos
1292 1455 1420 1549 exigat.
1438 1455 1540 1527 Brevi
1551 1470 1689 1545 autem,
1702 1457 1773 1552 eje·

441 1591 540 1645 ctum
551 1577 587 1644 in
604 1599 720 1662 oram,
731 1588 772 1644 ut
785 1578 936 1645 Ceramo
950 1574 1110 1645 modicus
1125 1575 1287 1647 loculum
1300 1577 1505 1674 prospexit,
1521 1570 1634 1668 v'adit,
1652 1604 1774 1651 aucam

439 1696 545 1793 jubet¹
557 1696 707 1786 recludi,
723 1710 761 1767 et
785 1698 823 1766 in
847 1720 890 1766 ea
905 1697 1092 1768 mulierem
1108 1697 1219 1788 videt,
1243 1723 1431 1796 supremos
1448 1724 1530 1797 quae
1542 1725 1619 1773 non
1635 1702 1774 1774 afflarat

441 1821 530 1891 dum
544 1822 701 1919 spiritus.
719 1824 772 1891 En
792 1821 948 1917 sopitam
967 1821 1005 1892 in
1020 1845 1081 1909 ea,
1112 1835 1285 1919 tanquam
1314 1824 1512 1917 igniculum
1542 1827 1773 1923 suppositum

441 1947 572 2035 cineri,
599 1946 745 2017 suscitat
771 1946 903 2032 vitam,
920 1960 957 2016 et
981 1971 1091 2041 quam
1106 1947 1299 2019 extinctam
1320 1963 1489 2044 putares,
1511 1974 1555 2020 ea
1581 1951 1771 2022 confestim

441 2086 524 2142 ante
539 2075 666 2152 ἀσύλους
676 2095 774 2156 aras,
787 2072 823 2141 in
840 2072 979 2142 intactae
991 2072 1188 2142 sacrarium
1206 2073 1397 2143 Artemidis
1413 2097 1451 2144 sc
1465 2072 1606 2171 recipit.
1625 2076 1772 2145 Interim

441 2194 670 2266 adolescebat
684 2195 804 2267 Tarsia
826 2199 863 2271 in
878 2194 989 2265 domo
1010 2195 1256 2291 Dionysiada,
1278 2197 1338 2267 cui
1356 2211 1432 2267 erat
1455 2211 1491 2267 et
1505 2197 1574 2294 ipsi
1585 2196 1673 2269 filia.
1693 2203 1772 2269 Haec

439 2342 484 2388 eo
512 2319 654 2413 gravius
670 2318 707 2388 in
733 2318 888 2391 amicula
914 2317 1049 2389 serebat
1074 2319 1206 2413 ingenii
1224 2318 1419 2414 formaeque
1445 2319 1601 2391 nitorem
1620 2344 1663 2390 ac
1682 2344 1770 2418 prae·

439 2443 628 2529 stantiam,
655 2442 756 2537 quod
782 2439 974 2536 malignam
1000 2443 1068 2538 ipsi
1095 2457 1131 2513 et
1152 2442 1248 2512 laute
1274 2466 1467 2512 novercam
1490 2455 1658 2513 naturam
1682 2457 1770 2515 esset

439 2580 596 2663 experta.
629 2569 822 2637 lmmotum
849 2566 955 2659 igitur
971 2580 1040 2636 stat
1060 2567 1183 2637 animo
1206 2564 1433 2661 Dionysiadis
1457 2566 1577 2636 necari
1596 2569 1765 2638 Tarsiam.

438 2689 708 2786 Sedqnumjam
718 2691 753 2759 in
764 2715 808 2760 eo
819 2705 895 2760 erat
905 2689 1038 2786 puella,
1052 2688 1341 2786 utaTbeophilo,
1354 2688 1446 2785 proh
1456 2686 1463 2758 !
1475 2688 1599 2761 falsam
1614 2690 1770 2763 nominis

439 2812 568 2909 fidem,
585 2812 845 2885 interficeretur
856 2867 874 2917 ,ι
885 2815 1006 2911 piratae
1021 2837 1226 2900 accurrere,
1245 2836 1391 2910 rapere,
1409 2826 1621 2911 raptamque
1637 2814 1674 2884 in
1693 2814 1769 2885 loro

442 2940 562 3011 vicinae
574 2938 672 3011 urbis
681 2940 846 3010 venalem
860 2952 1016 3009 statuere
1030 2938 1137 3035 coepti
1148 2951 1244 3008 sunt.
1263 2935 1384 3007 Puella
1401 2960 1500 3008 nunc
1514 2938 1630 3008 utrius
1648 2937 1767 3010 sutura

438 3067 503 3156 sit,
531 3064 756 3139 contendunt
770 3064 864 3136 inter
878 3088 916 3135 se
930 3061 1291 3158 lenoniusquidam,
1308 3075 1349 3132 ut
1362 3061 1447 3132 satis
1469 3085 1602 3133 nomen
1626 3063 1765 3148 innuit,

437 3190 544 3278 leno,
564 3204 601 3260 et
620 3189 730 3285 hujus
747 3186 902 3281 regionis
921 3211 981 3256 rex
997 3185 1244 3279 Antinagoras.
1268 3184 1405 3255 lenoni
1425 3183 1545 3254 Tarsia
1561 3181 1653 3254 heu!
1678 3184 1767 3256 dura

438 3314 647 3382 auctionum
671 3322 769 3381 'sorte
783 3309 922 3403 obtigit.
936 3307 1007 3378 Sed
1031 3306 1122 3377 nihil
1137 3320 1190 3377 est
1220 3306 1298 3400 ejus
1319 3330 1385 3377 cur
1398 3305 1524 3376 timeas
1540 3304 1681 3376 illibato
1699 3331 1766 3404 pu·

438 3436 566 3505 dicitiae
590 3435 680 3505 flori.
703 3439 792 3505 Nam
806 3432 924 3504 media
950 3433 986 3502 in
1003 3430 1231 3528 corruptela,
1249 3430 1458 3526 incorrupta
1471 3427 1597 3524 deget3
1619 3443 1729 3525 atque
1744 3453 1765 3498 e
1836 3524 1839 3531 ι

437 3557 604 3627 sordibus
615 3557 739 3627 existet
749 3557 901 3643 intacta,
916 3578 1005 3625 rosae
1014 3554 1137 3627 similis
1153 3553 1348 3625 dumorum
1358 3577 1467 3648 quam
1482 3551 1582 3622 nulla
1598 3552 1766 3624 nimirum

440 3703 566 3750 manus
580 3679 717 3775 carpit,
734 3691 770 3748 et
786 3678 844 3746 cui
859 3700 930 3747 suae
942 3701 1009 3773 pro
1022 3675 1125 3747 vallo
1134 3690 1218 3746 sunt
1235 3675 1364 3772 spinae,
1381 3674 1513 3772 utipsa
1521 3673 1675 3745 cecinit:

607 3848 621 3872 ι
637 3829 670 3879 ut
681 3840 736 3877 rosa
748 3827 779 3877 de
793 3826 868 3889 spinis
884 3861 891 3875 .
904 3816 908 3821 ⁴
909 3859 1217 3877 .............

609 3948 872 3966 ...........
890 3912 1004 3963 manibus
1015 3913 1126 3963 violarier
1136 3911 1189 3962 olli.
1201 3931 1213 3955 υ

438 4032 565 4104 Subito
586 4045 706 4103 autem
730 4031 765 4101 in
781 4053 884 4100 oram
898 4027 1074 4125 Mitylene
1091 4025 1208 4098 biems
1219 4023 1341 4097 denuo
1355 4021 1501 4122 projicit
1522 4016 1763 4120 apollonium,

437 4160 520 4255 qui,
548 4157 675 4229 dolore
694 4155 893 4243 conlectus,
906 4152 1005 4248 jurat
1021 4175 1095 4221 non
1121 4152 1295 4238 barbam,
1322 4174 1396 4219 non
1421 4146 1570 4245 capillos
1595 4171 1671 4217 sese
1693 4146 1764 4241 jam

437 4306 512 4352 esse
543 4281 751 4351 recisurum.
779 4277 976 4371 Conjugem
1005 4273 1170 4346 videlicet
1200 4288 1286 4343 tunc
1313 4269 1422 4342 babet
1448 4283 1650 4355 mortuam,
1683 4290 1764 4337 cum

438 4404 662 4475 tamen⁰vivit
680 4401 832 4499 Ephesi,
859 4399 921 4470 ubi
946 4423 1045 4470 sacra
1063 4397 1130 4468 fert
1150 4393 1362 4482 Artemidis,
1386 4406 1483 4463 casta
1498 4404 1534 4462 et
1552 4391 1765 4460 intemerata

422 4500 624 4612 *sacerdos3
648 4525 760 4596 filiam
774 4523 869 4594 adeo'
883 4536 969 4593 tunc
991 4520 1102 4591 babet
1125 4531 1326 4605 mortuam,
1354 4540 1440 4586 cum
1466 4529 1585 4584 tamen
1615 4512 1703 4582 vivit
1730 4508 1762 4578 in

437 4653 563 4753 eadem
579 4666 687 4748 atque
703 4651 777 4747 ipse
800 4648 963 4735 civitate,
985 4645 1179 4741 Mitylenae,
1197 4643 1259 4713 ubi
1276 4640 1408 4713 Veneri
1423 4639 1525 4709 litare
1544 4637 1762 4707 coustantius

438 4791 590 4848 recusat.
629 4776 750 4846 Victus
783 4772 930 4844 tandem
955 4770 1087 4867 partim
1115 4767 1325 4838 instantium
1355 4765 1555 4834 amicorum
1580 4758 1761 4857 precibus,

436 4901 568 4997 partim
578 4897 763 4970 communi
773 4897 936 4967 omnium
950 4891 1102 4989 gaudio,
1117 4913 1202 4961 nam
1220 4887 1369 4958 aderant
1385 4883 1621 4982 Neptunalia,
1639 4881 1710 4953 suis
1728 4899 1764 4946 se

436 5023 631 5095 comitibus
645 5021 752 5095 tradit
769 5018 1023 5094 deducendum
1033 5030 1069 5088 et
1078 4990 1347 5087 oblectandum.
1368 5011 1473 5082 Exuit
1484 5033 1569 5104 ergo
1587 5004 1764 5105 paulisper
