3890 5950
826 396 936 456 illitu
964 397 1013 455 lX.

113 530 144 585 τὸ
159 526 332 602 νειλομέτριον
348 526 510 595 ἐδείκνυσαν,
532 528 568 603 τῷ
584 526 651 583 κατὰ
668 527 713 596 τήν
727 526 833 605 θὶέμριν
848 550 898 583 πα·

115 613 277 693 ραπλήσιον,
296 613 415 689 συννόμῳ
430 612 477 687 μέν
493 612 537 669 καὶ
552 611 632 690 ξεστῷ
645 614 708 692 λίθιρ
724 636 899 671 κατεσκευασ·

115 701 210 777 μένον,
225 704 363 778 γραμμαῖς
386 700 452 757 δ’ἐκ
467 699 599 778 πηχυαίου
622 701 798 776 διαστήματος
820 723 901 778 κεχα·

115 787 255 867 ραγμένον,
267 788 302 853 είς
313 785 343 853 ἃς
352 787 382 844 ri
393 786 521 863 ποτάμιον
531 786 601 867 ὕδωρ
611 789 660 845 tri
668 792 716 865 γῆς
724 786 900 864 διηθούμενον,

85 877 161 934 saal
185 879 242 942 ταῖς
262 875 398 956 γραμμαῖς
425 877 572 950 έμπῑπτον,
597 874 643 941 τάς
665 878 688 931 τ’
714 873 833 947 αὐξήσεις
853 880 901 933 τοῦ

116 966 213 1026 Νείλου
232 965 277 1022 καί
300 962 485 1033 ύπονοστήσεις
499 964 553 1028 τοῖς
576 962 712 1041 ἐγχωρίοις
735 961 902 1038 διασημαίνει

114 1056 153 1133 τῷ
167 1055 270 1131 ἀριθμῷ
282 1055 333 1109 τῶν
345 1047 514 1126 σκιπομένων
528 1047 545 1119 ἢ
557 1050 742 1126 γυμνουμένων
757 1049 900 1128 χαραγμά-

114 1164 184 1210 των,
200 1139 230 1198 ri
244 1139 324 1198 ποσὸν
345 1142 391 1208 τῆς
411 1135 605 1218 πλημμύραςή
627 1141 673 1208 τῆς
686 1136 835 1218 λειψυδρίας
854 1160 901 1212 με·

113 1226 275 1306 τρουμένων.
320 1225 490 1285 Ἐδείκνυσαν
506 1223 534 1283 δὲ
552 1224 597 1283 καί
610 1222 669 1291 τούς
686 1227 738 1282 τῶν
751 1224 901 1305 ὡρονομίων

72 1338 99 1375 ευ
115 1316 266 1394 γνώμονας,
281 1314 386 1380 ἀσκίους
399 1313 468 1371 κατὰ
481 1312 648 1392 μεσημόρίαν
663 1310 754 1389 ὄντας,
770 1317 816 1384 τ’ής
827 1314 903 1383 ήλια-

115 1408 165 1475 xl<
180 1404 281 1469 ἀκτῖνος
296 1401 364 1461 κατὰ
377 1400 474 1480 τροπάς
485 1401 584 1481 θερινάς
597 1403 623 1459 όν
643 1402 697 1467 τοῖς
714 1400 775 1479 περί
795 1400 900 1473 Συήνην

116 1493 154 1558 εἱς
170 1490 304 1570 άκρίόειαν
318 1488 387 1548 κατδι
406 1489 520 1570 κορυφήν
535 1486 678 1565 ἱσταμένης
691 1487 736 1546 καὶ
751 1491 788 1566 τῷ
800 1511 901 1547 παντα-

115 1579 194 1659 χόθεν
209 1580 399 1658 περιρωτισμῷ
413 1574 460 1647 τὴν
473 1574 663 1655 παρέμπτωσιν
684 1580 731 1647 τῆς
751 1584 824 1643 σκιᾶς
838 1577 902 1634 dna·

115 1668 278 1738 λαυνούσης,
293 1668 328 1731 ὡς
342 1667 388 1721 καί
402 1667 455 1721 τῶν
469 1661 586 1743 φρεάτων
607 1660 636 1720 τὸ
648 1661 717 1720 κατὰ
736 1661 813 1740 βάθος
833 1661 902 1740 ὕδωρ

73 1752 327 1829 ιυκαταυγάζεσθαι
350 1748 393 1808 διά
415 1746 463 1821 τὴν
486 1748 578 1826 ὁμοίαν
603 1746 699 1806 αἰτίαν.
744 1747 797 1808 Καί
820 1752 902 1805 ταῦτα

117 1840 167 1916 μίν
181 1838 343 1910 δΎδάσπης
352 1839 382 1897 ού
394 1836 495 1918 σρόδρα
508 1839 543 1903 ὡς
555 1835 614 1905 ξένα
625 1834 771 1913 ἱθαύμαζε,
789 1834 903 1910 συμύαί·

117 1951 171 1987 νειν
183 1926 232 2006 γάρ
242 1923 277 1984 τά
288 1925 334 1985 ίσα
347 1922 473 1982 καὶκατὰ
489 1922 596 2003 Μερόην
607 1922 655 1993 τήν
671 1921 814 1982 Αἰθιόπων.
856 1920 903 1988 Ὡς

117 2014 146 2073 δέ
159 2013 207 2083 τήν
218 2012 309 2094 ἱορτήν
330 2011 488 2087 ἐξεθείαζον,
510 2011 554 2070 ἐπί
567 2009 634 2087 μέγα
649 2007 693 2067 τδν
708 2011 801 2069 Νεῖλον
817 2008 904 2087 αἱρου-

118 2124 176 2174 τες,
189 2089 276 2179 Ὧρόν
289 2120 318 2155 τε
332 2096 377 2155 καὶ
394 2097 475 2176 [τὸν]
490 2095 610 2176 ζείδωρον
629 2098 836 2167 ἀποκαλοῦντες,
852 2098 904 2156 Αί-

74 2207 104 2245 au
118 2189 219 2269 γύπτου
236 2191 259 2244 θ’
282 2184 360 2257 ὅλης,
374 2188 421 2255 τῆς
443 2184 489 2260 μὲν
505 2184 559 2242 ἄνω
581 2187 701 2262 σωτῆρα,
722 2186 769 2254 τῆς
783 2183 855 2242 κάτω
877 2182 904 2242 δέ

120 2277 166 2336 καί
180 2272 282 2354 πατέρα
293 2272 338 2331 καὶ
353 2272 529 2351 δημιουργὸν,
543 2271 602 2329 νέαν
624 2269 679 2329 ίλύν
696 2272 727 2328 δι’
743 2271 815 2335 ἔτους
835 2269 903 2327 έπά-

119 2387 199 2442 γοντα
214 2362 259 2420 καί
273 2362 367 2421 Νεῖλον
383 2360 498 2419 ἐντεῦθεν
513 2357 716 2436 ὀνομαζόμενον,
738 2357 783 2424 τάς
799 2360 821 2415 τ’
844 2359 903 2428 ἐτη-

123 2452 194 2519 σίους
219 2448 287 2528 ὧρας
311 2449 458 2528 φράζοντα,
485 2448 586 2528 θερινὴν
610 2446 656 2524 μὲν
683 2451 739 2512 ταῖς
765 2445 903 2517 αύξήοεσι,

49 2542 51 2545 ’
120 2536 301 2616 μετοπωρινήν
314 2534 340 2592 δέ
354 2543 410 2600 ταῖς
425 2535 610 2605 ύπονοοτήσεσι
623 2534 667 2592 καί
683 2532 730 2606 τήν
748 2531 837 2612 ήρινήν
853 2541 905 2599 τοῖς

76 2648 106 2685 aa
120 2650 150 2684 τε
164 2625 221 2683 κατ’
244 2624 322 2682 αὐτὸν
347 2622 481 2703 φυομένοις
503 2621 589 2680 ἄνθεσι
604 2622 649 2679 καί
671 2625 728 2688 ταῖς
741 2625 793 2680 τῶν
813 2642 904 2699 κροκο-

120 2714 212 2773 δειλων
227 2712 362 2776 όιοτοκίοιις
374 2710 419 2768 καὶ
439 2709 511 2768 οὐδέν
537 2709 594 2769 ἄλλ’
609 2709 625 2781 ἢ
640 2710 683 2767 τὸν
698 2708 812 2768 ἐνιαυτόν
834 2710 904 2766 άντι·

120 2802 184 2881 κρὺς
207 2792 273 2857 εἶναι
295 2798 338 2856 τόν
363 2800 474 2869 Νεῖλον,
497 2803 572 2855 τοῦτο
595 2798 639 2868 xpi
663 2802 708 2867 τῆς
730 2796 905 2877 προσηγορίας

120 2884 356 2961 ἐκύεόαιουμένης·
373 2887 424 2943 τῶν
438 2890 498 2962 γοῦν
513 2884 581 2943 κατά
596 2883 708 2959 τοῦνομα
724 2882 857 2963 στοιχείων
871 2884 905 2949 είς

120 2975 226 3058 ψήφους
247 2971 535 3048 μεταλαμόανομένων,
556 2970 632 3030 πέντε
654 2972 699 3029 καί
717 2970 841 3041 ἑξήκοντα
860 2972 905 3028 καὶ

76 3093 106 3131 ao
121 3060 271 3145 τριακόσιαι
292 3060 411 3136 μονάδες,
424 3059 483 3118 ὅσαι
496 3060 597 3119 καὶτοῦ
610 3059 681 3125 ἔτους
694 3058 791 3136 ήμέραι
807 3081 905 3137 συναχ-

120 3154 260 3225 θήσονται·
273 3152 358 3230 φυτῶν
371 3148 399 3207 δέ
413 3149 459 3208 καί
473 3151 556 3206 ἀνθῶν
571 3149 616 3206 καί
631 3146 702 3215 ζώων
717 3146 846 3218 ἰδιότητας
860 3146 905 3204 καί

121 3240 199 3317 ἕτερα
213 3238 320 3296 πλείονα
334 3235 432 3302 τούτοις
446 3235 651 3312 προστιθέντων·
668 3236 739 3293 Ἀλλ’
760 3236 806 3293 οὐκ
822 3234 904 3309 Αίγύ-

122 3351 188 3385 πτια
203 3331 302 3399 ταῦτα,
326 3314 397 3383 εἶπεν
420 3328 434 3380 6
458 3323 614 3398 Ὑδάσπης,
632 3324 689 3381 ἀλλ’
712 3324 852 3383 Αἰθιοπικά
872 3323 906 3382 rt

123 3412 357 3491 σεμνολογήματα.
398 3411 451 3471 Τὸν
464 3416 525 3488 γοῦν
538 3410 655 3486 ποταμὸν
668 3418 771 3483 τοῦτον,
791 3411 841 3470 εἴτε
861 3414 904 3470 καί

79 3526 109 3564 σε
123 3506 183 3560 καθ’
195 3505 261 3576 ὑμᾶς
274 3501 331 3559 θεὸν
343 3498 387 3557 καί
397 3503 475 3571 κῆτος
486 3499 555 3558 ἅπαν
568 3500 597 3559 τό
607 3500 733 3577 ποτάμιον
744 3507 760 3572 ἡ
776 3499 906 3561 Αίθιόπων

123 3592 201 3665 δεῦρο
213 3584 443 3667 παραπέμπουσα,
460 3585 566 3651 δικαίως
579 3586 610 3644 δν
622 3591 686 3664 παρ’
698 3590 770 3662 ὑμῶν
781 3586 906 3665 τυγχάνοι

124 3676 309 3750 σεόάσματος,
323 3674 411 3753 μήτηρ
427 3675 489 3748 ύμῖν
501 3673 626 3751 γενομένη
642 3680 718 3736 θεῶν.
761 3678 906 3753 Τοιγαροῦν

124 3763 172 3823 καί
193 3762 322 3836 altouci,
342 3761 441 3840 ἔφασαν
458 3763 481 3819 οἱ
502 3763 593 3840 ἱερεῖς,
612 3764 664 3818 τῶν
680 3766 701 3819 τ’
718 3763 804 3819 ἄλλων
821 3761 905 3819 ἕνεκεν

125 3850 172 3910 καὶ
187 3849 226 3907 ότι
243 3849 272 3907 σὲ
285 3852 391 3929 σωτῆρα
405 3849 469 3924 ἡμῖν
484 3850 528 3906 καί
543 3848 598 3907 θεὸν
614 3848 752 3916 άνέδειξιν.

81 3965 111 4002 ω
170 3937 235 3999 ΚΓ.
266 3936 406 4016 Εὗρήμους
437 3927 503 3993 εἶναι
533 3937 674 4015 προσήκειν
704 3936 760 4002 τοὺς
790 3936 909 4001 ἐπαίνους

126 4029 141 4081 6
154 4025 292 4095 Ὑδάσπης
307 4023 386 4081 εἱπὼν
398 4068 406 4098 ,
420 4025 496 4090 αὐτός
508 4022 530 4080 τ’
545 4025 580 4089 είς
595 4023 641 4093 τήν
654 4024 752 4096 σκηνήν
767 4022 863 4093 ἐλθὼν,
880 4023 909 4079 τό

124 4114 279 4189 λειπόμενον
290 4116 336 4183 τῆς
350 4111 450 4189 ἡμέρας
462 4111 539 4170 αὑτὸν
554 4111 736 4186 άνελάμόανε,
751 4109 808 4176 τούς
822 4114 846 4167 τ’
866 4110 908 4167 ἐπί

126 4201 201 4272 δόξης
215 4200 345 4259 Αἰθιόπων
359 4197 405 4255 καί
426 4199 484 4266 τοὺς
496 4199 564 4255 κατὰ
579 4199 683 4269 Συήνην
704 4197 788 4276 ἱερέας
803 4198 908 4273 εύωχῶν

126 4287 239 4352 καὶτοῖς
253 4286 340 4351 ἄλλοις
351 4284 420 4343 οὕτω
433 4293 517 4342 ποιεῖν
531 4287 626 4364 έρήκε,
643 4284 740 4349 πολλάς
755 4284 801 4359 μέν
816 4283 910 4358 ἀγέλας

83 4394 111 4430 ω
128 4379 215 4455 βοῶν,
231 4372 330 4438 πολλάς
343 4373 370 4430 δὲ
382 4373 493 4448 ποίμνας
505 4373 658 4451 προύάτων,
669 4372 780 4428 πλεῖστα
793 4371 816 4427 δ’
830 4372 910 4444 αἰγῶν

127 4462 236 4521 αἰπόλια
251 4462 296 4519 καί
308 4463 376 4518 συῶν
393 4458 503 4518 συύόσια
517 4460 561 4518 καί
578 4461 648 4517 οίνου
662 4462 758 4528 πλῆθος
773 4461 824 4515 τῶν
838 4459 910 4525 Συη-

127 4551 207 4608 ναίων
232 4553 264 4625 τῇ
280 4557 403 4627 στρατιᾷ,
420 4548 453 4605 τά
468 4547 515 4621 μὲν
530 4550 626 4625 δῶρον,
644 4546 676 4603 τδι
690 4546 720 4603 δὲ
739 4544 801 4620 πρὸς
814 4544 911 4621 όγορα-
932 4552 935 4565 “

127 4638 189 4696 σίαν
203 4636 384 4713 παρεχόντων.
427 4639 470 4713 Τῇ
485 4635 507 4691 δ’
519 4634 643 4713 ὑστεραίᾳ
654 4634 692 4713 ἐρ’
705 4634 804 4710 ὑψηλοῦ
816 4653 911 4709 προκα-

127 4726 239 4800 θήμενος
256 4728 273 4780 6
293 4721 445 4795 Ὑδάσπης,
461 4722 494 4780 τά
507 4725 530 4780 θ’
545 4722 672 4798 ύποζύγια
696 4719 741 4777 καὶ
757 4716 852 4783 ίππους
867 4717 911 4774 καί

83 4837 112 4877 so
128 4814 194 4885 ύλην
216 4812 298 4882 άλλην
312 4809 359 4880 τὴν
375 4811 401 4867 έν
416 4809 540 4889 λαφύροις
548 4854 556 4880 ,
576 4812 627 4867 τῶν
649 4832 675 4866 τε
691 4809 760 4867 κατά
775 4807 822 4878 τήν
837 4806 913 4864 πόλιν

127 4901 239 4960 καὶτῶν
259 4897 328 4955 κατὰ
342 4896 388 4966 τήν
404 4898 494 4975 μάχην
513 4898 676 4977 ληφθέντων,
690 4900 723 4975 τῇ
738 4903 848 4975 στρατιᾷ
861 4892 912 4950 διέ-

128 5011 210 5065 νεμε,
224 4986 255 5045 τό
271 4986 335 5062 πρὸς
356 4985 430 5052 ἀξίαν
450 4990 502 5043 τῶν
525 4985 629 5065 έκάστιμ
642 4984 835 5063 πεπραγμένων
849 4984 914 5039 duc·

129 5078 236 5157 κρίνων.
281 5072 331 5139 Ὧς
358 5073 384 5130 δέ
408 5073 453 5131 καί
477 5078 491 5131 6
514 5073 650 5151 ζωγρήσας
674 5072 718 5131 τὸν
739 5069 914 5150 Ὀροονδάτην

129 5169 236 5242 παρῆν,
251 5161 364 5233 Αίτησον
377 5160 391 5219 6
407 5159 506 5239 βούλει,
518 5160 582 5239 πρὸς
593 5162 671 5219 αὐτὸν
683 5161 731 5239 έρη
743 5165 756 5217 6
767 5157 912 5228 Ὑδάσπης.

242 5268 399 5312 listrononus.

1672 413 1729 463 385

946 536 985 596 piri
993 573 999 595 ,
1008 550 1038 584 ex
1050 536 1173 597 nqrculer
1185 537 1250 584 secto
1260 535 1356 597 quidem
1368 538 1390 584 et
1401 536 1476 598 pullio
1486 537 1563 600 lapide
1574 541 1732 596 exstructum.

947 634 1022 683 lineas
1041 646 1097 683 xero
1116 632 1180 682 ulam
1201 632 1329 683 interstitio
1348 634 1484 699 exsculptus
1501 638 1662 689 continentem
1684 660 1689 687 z
1708 640 1732 689 in

946 746 1017 794 quem
1034 744 1097 795 aqua
1112 731 1235 781 fluviatilis
1249 731 1405 783 subterraneo
1418 737 1499 784 meatu
1515 735 1618 798 impulsa
1631 738 1692 787 etin
1706 738 1732 786 li·

946 845 1003 881 neas
1022 831 1141 892 incidens,
1157 832 1305 882 incrementa
1323 832 1369 882 tilii
1388 835 1412 882 et
1427 832 1598 884 diminutiones
1616 835 1732 898 indigenis

947 931 1077 988 monstrat,
1092 943 1192 979 numero
1203 914 1324 979 tectorum
1339 932 1382 978 aul
1396 930 1542 980 nudatarum
1554 931 1732 993 clientelarum,

947 1029 1063 1078 rationem
1077 1028 1247 1078 exundationis
1266 1030 1309 1077 aul
1322 1028 1430 1078 deiectus
1441 1042 1512 1092 aqum
1531 1031 1730 1082 mensurandum.

947 1127 1110 1177 ostenderunt
1130 1131 1266 1190 quoquest
1280 1127 1467 1190 ltoroscoporum
1481 1141 1624 1190 grennones,
1638 1131 1731 1180 nullam

947 1225 1058 1274 umixram
1075 1225 1099 1276 ln
1112 1226 1210 1275 meridie
1223 1225 1361 1288 reddentes;
1375 1226 1441 1276 radio
1455 1228 1525 1289 solis,
1537 1229 1637 1278 solstitio
1648 1229 1733 1279 mailro

947 1324 1068 1385 Spenaead
1077 1325 1192 1374 amussim
1204 1325 1288 1375 vertici
1296 1324 1436 1375 imminente
1445 1328 1469 1375 el
1477 1326 1567 1378 lumine
1577 1327 1732 1391 undiqueque

947 1421 1094 1471 circumfuso
1113 1435 1211 1472 omnem
1231 1435 1314 1472 casum
1334 1423 1427 1473 umbrie
1450 1424 1594 1489 repellente,
1618 1426 1679 1478 adeo
1704 1432 1733 1478 ut

947 1527 1019 1574 eliam
1033 1525 1057 1574 ln
1077 1526 1155 1587 puteis
1172 1538 1235 1588 aqua
1247 1525 1272 1575 in
1288 1526 1451 1589 pmnrndilata
1469 1527 1617 1579 illuminetur
1630 1531 1732 1582 similem

947 1622 979 1670 oli
990 1634 1098 1672 musam.
1132 1626 1162 1672 itt
1179 1623 1233 1671 ineo
1251 1623 1350 1686 quidem
1370 1623 1492 1686 Hydaspes
1508 1638 1556 1676 non
1575 1628 1647 1678 ualde
1664 1632 1733 1692 quasi

948 1723 1069 1784 peregrina
1082 1723 1222 1774 mirabatur.
1256 1725 1376 1775 Accidunt
1384 1729 1448 1776 euim
1457 1726 1541 1778 andem
1550 1730 1633 1781 lieret
1642 1733 1733 1781 AEtlrlo·

953 1829 1021 1879 pum.
1056 1821 1087 1870 at
1100 1833 1156 1869 oum
1169 1819 1255 1872 testum
1267 1823 1425 1883 predicarent
1438 1827 1463 1875 et
1475 1826 1556 1876 tilium
1576 1828 1668 1891 magnis
1684 1829 1736 1878 teu·

950 1915 1020 1968 ιὶθνιιε
1030 1917 1175 1978 attollerent,
1183 1920 1259 1972 solem
1270 1923 1296 1972 et
1307 1922 1437 1975 fertilitatis
1450 1930 1574 1977 auctorem
1587 1929 1734 1991 appellantes

948 2027 974 2074 el
987 2026 1080 2087 AEgypti
1092 2026 1184 2086 totius,
1195 2025 1324 2088 superioris
1334 2025 1432 2088 quidem
1443 2033 1606 2092 seruatorem,
1618 2032 1736 2085 interioria

950 2139 1007 2176 rero
1023 2128 1115 2188 patrem
1129 2126 1154 2175 ct
1167 2125 1391 2189 opinandorum
1407 2125 1492 2176 linmrn
1504 2128 1572 2188 (νέαν
1583 2131 1649 2191 ἰλὺν)
1661 2135 1734 2192 quot·

950 2226 1019 2275 annis
1039 2225 1221 2287 advolventem,
1241 2225 1305 2275 unde
1318 2226 1343 2274 el
1357 2225 1438 2275 ltilum
1456 2229 1549 2279 Graecis
1562 2242 1613 2280 esse
1629 2233 1734 2294 appella·

950 2325 1002 2372 tum
1022 2326 1046 2373 et
1058 2336 1151 2372 annuas
1164 2324 1278 2387 temporis
1291 2326 1467 2378 vicissitudines
1478 2330 1653 2390 exponentem,
1671 2333 1735 2382 nesti·

952 2439 1004 2473 aum
1017 2425 1115 2487 quidem
1137 2427 1299 2489 incremento,
1313 2429 1478 2479 autumnalem
1496 2441 1554 2479 xero
1565 2428 1734 2493 decremento,

951 2536 1048 2572 vernam
1062 2526 1145 2574 autem
1157 2524 1256 2577 ilorlbus
1265 2526 1308 2589 qui
1320 2541 1351 2578 ex
1362 2530 1414 2592 ipso
1426 2531 1579 2589 enascuntur,
1591 2531 1616 2579 et
1627 2529 1736 2580 οεοοοιὶἰ·

951 2622 1029 2673 lorum
1048 2625 1137 2686 partu;
1160 2625 1184 2674 et
1203 2625 1263 2675 nitril
1282 2626 1348 2675 aliud
1374 2639 1425 2677 eme
1443 2627 1542 2678 omniuo
1560 2627 1642 2678 lilium
1660 2642 1735 2692 quam

951 2734 1050 2782 aunum,
1061 2722 1107 2771 lroc
1117 2726 1141 2773 et
1152 2724 1313 2785 appellatione
1326 2726 1484 2776 confirmante
1497 2747 1502 2775 :
1516 2728 1590 2778 literis
1601 2731 1666 2779 enirn
1679 2743 1734 2792 qum

950 2819 1046 2867 nomine
1071 2819 1217 2879 continetur,
1239 2822 1263 2869 iu
1285 2820 1391 2870 calculos
1411 2822 1557 2883 distributis,
1579 2827 1616 2874 ter
1638 2829 1734 2876 centum

951 2920 1101 2981 quinqueni
1122 2924 1245 2982 sexaginta
1267 2923 1383 2983 unitates,
1397 2927 1458 2985 quot
1478 2928 1503 2974 et
1516 2924 1568 2974 dies
1587 2931 1645 2976 sunl
1663 2930 1733 2988 unni,

951 3017 1159 3079 congregabuntur
1179 3039 1185 3066 :
1205 3019 1309 3081 denique
1327 3034 1384 3070 oum
1406 3020 1541 3083 plantarum
1560 3027 1585 3091 et
1606 3026 1692 3076 tlorurn
1709 3033 1734 3078 el

951 3117 1090 3166 animalium
1103 3120 1259 3179 proprietates
1270 3124 1295 3169 et
1308 3121 1355 3170 aila
1374 3122 1443 3183 plura
1457 3121 1495 3172 liis
1511 3123 1625 3176 adderent
1642 3146 1647 3176 ι
1662 3130 1735 3190 Atqui

951 3232 1000 3269 non
1018 3223 1135 3283 AEgyplire
1156 3226 1214 3271 sunt
1225 3222 1263 3272 lxm
1276 3226 1325 3272 tarn
1338 3237 1436 3286 graves,
1456 3226 1519 3275 dixit
1540 3228 1676 3290 iiydaspm,
1695 3229 1736 3279 sed

952 3322 1093 3386 AEtirioplcoe
1105 3324 1263 3375 narrationes.
1296 3327 1410 3376 ceterum
1420 3338 1477 3374 cum
1490 3326 1592 3376 durium
1603 3327 1680 3387 trono,
1695 3341 1736 3377 seu

952 3425 1030 3471 uestra
1043 3422 1155 3485 opinione
1166 3423 1252 3483 deum,
1273 3437 1356 3474 omnes
1376 3421 1505 3474 darviaiiies
1521 3424 1627 3485 belinas,
1647 3426 1737 3476 AEltilu·

953 3536 1010 3584 pum
1029 3528 1093 3573 terra
1112 3524 1143 3572 ad
1167 3537 1209 3573 ros
1229 3523 1345 3584 deducat,
1361 3527 1447 3576 merito
1467 3540 1481 3575 a
1502 3527 1571 3578 robis
1589 3526 1635 3576 coli
1651 3527 1738 3586 debet,

953 3641 1007 3689 qrme
1020 3627 1087 3676 vonis
1099 3628 1199 3678 deorum
1218 3631 1294 3678 mater
1314 3630 1423 3681 exsistat.
1456 3634 1487 3681 et
1503 3632 1602 3695 quidem
1621 3633 1735 3695 rollanus,

953 3733 1108 3794 subjecerunt
1125 3733 1272 3789 sacerdotes,
1287 3747 1343 3783 cum
1359 3736 1417 3786 alias
1430 3738 1462 3785 ob
1484 3750 1584 3798 causas,
1600 3741 1652 3787 ium
1672 3740 1737 3800 quod

955 3837 1023 3885 nobis
1035 3840 1181 3887 seruatorem
1191 3841 1216 3887 te
1227 3841 1250 3887 at
1264 3838 1338 3888 deum
1350 3841 1469 3889 exilibuit.

986 3946 1072 3993 xltill.
1092 3944 1225 3994 Moderatus
1248 3945 1521 4003 conscendendum,
1542 3943 1664 4006 ilydaspes
1682 3958 1737 3993 cum

954 4035 1065 4093 dixiscrt,
1089 4040 1113 4084 el
1127 4038 1177 4098 ipso
1192 4038 1322 4087 tentorium
1343 4039 1475 4097 ingressus,
1498 4037 1616 4098 reliquum
1634 4036 1680 4085 diei
1694 4038 1738 4086 silai

955 4129 985 4175 ed
1008 4130 1178 4178 recreationem
1193 4132 1293 4187 srnnslt,
1313 4144 1368 4178 cum
1390 4130 1535 4190 primoribus
1555 4129 1694 4191 AEtliiopum
1715 4135 1739 4179 et

957 4219 1122 4268 sacerdotibus
1143 4221 1299 4282 Syenensium
1314 4221 1452 4268 conuiuium
1475 4221 1549 4268 iniens
1562 4222 1587 4268 et
1602 4221 1697 4280 reliquls
1713 4226 1740 4270 ut

956 4309 1021 4359 idem
1042 4312 1146 4360 iacerent
1169 4314 1289 4374 permisit;
1315 4313 1390 4361 milita
1411 4317 1519 4362 armenia
1541 4311 1631 4372 ἱνουιιι,
1651 4313 1741 4363 mullos

956 4418 1037 4465 gregis
1048 4406 1130 4453 ovium
1140 4411 1165 4454 et
1177 4406 1292 4467 plurimos
1307 4417 1434 4466 caprarum
1453 4409 1478 4455 et
1490 4418 1617 4467 porcomm
1626 4410 1651 4456 et
1662 4407 1739 4455 maxi·

957 4512 1024 4547 suurn
1042 4513 1169 4548 numerum
1187 4501 1250 4558 vini,
1269 4498 1428 4561 Syenensibus
1446 4500 1561 4549 exercitui
1578 4501 1664 4561 partim
1676 4499 1740 4550 dono

957 4593 1084 4651 dantibus,
1104 4594 1190 4655 partim
1204 4606 1292 4641 renum
1311 4592 1496 4652 exponentibus.
1530 4594 1645 4644 Postridie
1658 4596 1741 4645 aotam

958 4687 1042 4735 sedens
1056 4698 1099 4747 pro
1113 4687 1227 4736 tribunali
1244 4684 1338 4735 excelso
1353 4684 1489 4749 Hydaspes,
1500 4674 1610 4749 jumenta
1626 4691 1651 4738 et
1666 4703 1742 4751 equos

958 4787 982 4829 ct
992 4780 1107 4842 reliquam
1118 4780 1224 4842 predam
1233 4817 1240 4839 ,
1250 4792 1305 4841 qum
1315 4780 1402 4841 partim
1414 4783 1438 4830 in
1449 4782 1517 4843 urbe,
1527 4784 1646 4844 partimin
1657 4784 1742 4848 prmiio

960 4876 1060 4924 collecta
1075 4874 1165 4934 iuerat,
1177 4874 1293 4923 exercitui
1304 4873 1439 4936 dlalribult,
1453 4878 1583 4942 unicuique
1594 4892 1638 4943 pro
1650 4881 1743 4929 ratione

958 4981 1043 5019 eorum
1057 4980 1112 5030 qum
1124 4968 1155 5017 ab
1166 4981 1195 5018 eo
1212 4970 1277 5031 gesta
1291 4969 1384 5018 irruant
1402 4971 1518 5022 tribuens.
1553 4975 1681 5036 Postquam
1699 4987 1741 5023 uu·

959 5067 1008 5113 tem
1022 5065 1047 5112 et
1057 5064 1096 5112 liic
1107 5065 1149 5125 qui
1165 5066 1259 5125 ceperat
1272 5064 1435 5115 Oroondatem
1447 5066 1543 5130 aderal;
1563 5071 1621 5119 Pete
1634 5067 1742 5131 quidvis,

960 5157 1038 5219 inqiut
1053 5158 1083 5207 ad
1095 5171 1151 5207 eum
1163 5159 1291 5222 llydaspes.
1326 5160 1369 5208 llie
1380 5161 1475 5223 autem,
1486 5166 1538 5214 iton
1552 5177 1613 5227 opus
1624 5167 1672 5219 asi,
1685 5174 1741 5221 rex,

1612 5264 1637 5303 ea
