<?xml version="1.0" encoding="UTF-8"?>
<!DOCTYPE html PUBLIC "-//W3C//DTD XHTML 1.0 Transitional//EN"
    "http://www.w3.org/TR/xhtml1/DTD/xhtml1-transitional.dtd">
<html xmlns="http://www.w3.org/1999/xhtml" xml:lang="en" lang="en">
 <head>
  <title>
</title>
<meta http-equiv="Content-Type" content="text/html;charset=utf-8" />
  <meta name='ocr-system' content='tesseract 3.04.00' />
  <meta name='ocr-capabilities' content='ocr_page ocr_carea ocr_par ocr_line ocrx_word'/>
</head>
<body>
  <div class='ocr_page' id='page_1' title='image "./ertiknlognsyngr01conggoog/ertiknlognsyngr01conggoog_0014.png"; bbox 0 0 3946 5964; ppageno 0'>
   <div class='ocr_carea' id='block_1_1' title="bbox 160 394 1757 451">
    <p class='ocr_par' dir='ltr' id='par_1_1' title="bbox 160 394 1757 451">
     <span class='ocr_line' id='line_1_1' title="bbox 160 394 1757 451; baseline -0.001 0"><span class='ocrx_word' id='word_1_1' title='bbox 160 394 1757 451; x_wconf 68' lang='lat' dir='ltr'>0000000000aoooooouattottouonouoe0000000000000000000000000000au</span> 
     </span>
    </p>
   </div>
   <div class='ocr_carea' id='block_1_2' title="bbox 739 615 1170 764">
    <p class='ocr_par' dir='ltr' id='par_1_2' title="bbox 739 615 1170 764">
     <span class='ocr_line' id='line_1_2' title="bbox 739 615 1170 764; baseline -0.005 -35"><span class='ocrx_word' id='word_1_2' title='bbox 739 615 1170 764; x_wconf 74' lang='lat' dir='ltr'>rnnrnrro.</span> 
     </span>
    </p>
   </div>
   <div class='ocr_carea' id='block_1_3' title="bbox 834 923 1091 951">
    <p class='ocr_par' dir='ltr' id='par_1_3' title="bbox 834 923 1091 951">
     <span class='ocr_line' id='line_1_3' title="bbox 834 923 1091 951; baseline 0 -2"><span class='ocrx_word' id='word_1_3' title='bbox 834 923 1091 951; x_wconf 47' lang='grc' dir='ltr'>*ψ-</span> 
     </span>
    </p>
   </div>
   <div class='ocr_carea' id='block_1_4' title="bbox 145 773 408 907">
    <p class='ocr_par' dir='ltr' id='par_1_4' title="bbox 145 773 408 907">
     <span class='ocr_line' id='line_1_4' title="bbox 145 773 408 827; baseline 0.011 -4"><span class='ocrx_word' id='word_1_4' title='bbox 145 773 335 827; x_wconf 73' lang='lat' dir='ltr'>ssrteusstu</span> <span class='ocrx_word' id='word_1_5' title='bbox 348 775 408 826; x_wconf 80' lang='lat'>1928</span> 
     </span>
     <span class='ocr_line' id='line_1_5' title="bbox 148 858 225 907; baseline 0.039 -3"><span class='ocrx_word' id='word_1_6' title='bbox 148 858 225 907; x_wconf 79' lang='grc'>17636</span> 
     </span>
    </p>
   </div>
   <div class='ocr_carea' id='block_1_5' title="bbox 132 1120 1763 2934">
    <p class='ocr_par' dir='ltr' id='par_1_5' title="bbox 150 1120 1762 1955">
     <span class='ocr_line' id='line_1_6' title="bbox 199 1120 1760 1220; baseline -0.003 -20"><span class='ocrx_word' id='word_1_7' title='bbox 199 1125 448 1212; x_wconf 76' lang='lat' dir='ltr'><strong>Parthenium,</strong></span> <span class='ocrx_word' id='word_1_8' title='bbox 465 1123 633 1219; x_wconf 71' lang='lat' dir='ltr'>Augustei</span> <span class='ocrx_word' id='word_1_9' title='bbox 646 1122 757 1193; x_wconf 87' lang='lat' dir='ltr'>seculi</span> <span class='ocrx_word' id='word_1_10' title='bbox 773 1122 995 1220; x_wconf 83' lang='lat' dir='ltr'>scriptorem,</span> <span class='ocrx_word' id='word_1_11' title='bbox 1009 1122 1148 1220; x_wconf 91' lang='lat' dir='ltr'>primus</span> <span class='ocrx_word' id='word_1_12' title='bbox 1162 1120 1276 1192; x_wconf 77' lang='lat' dir='ltr'>edidit</span> <span class='ocrx_word' id='word_1_13' title='bbox 1291 1124 1605 1201; x_wconf 74' lang='lat' dir='ltr'>ianusCornarius</span> <span class='ocrx_word' id='word_1_14' title='bbox 1619 1124 1760 1195; x_wconf 80' lang='lat' dir='ltr'>Basileae</span> 
     </span>
     <span class='ocr_line' id='line_1_7' title="bbox 150 1242 1759 1349; baseline -0.003 -27"><span class='ocrx_word' id='word_1_15' title='bbox 150 1250 249 1349; x_wconf 90' lang='lat' dir='ltr'>apud</span> <span class='ocrx_word' id='word_1_16' title='bbox 263 1248 484 1319; x_wconf 86' lang='lat' dir='ltr'>Frobcninm</span> <span class='ocrx_word' id='word_1_17' title='bbox 498 1271 530 1316; x_wconf 92' lang='lat' dir='ltr'>a.</span> <span class='ocrx_word' id='word_1_18' title='bbox 556 1244 659 1334; x_wconf 74' lang='lat'>1531,</span> <span class='ocrx_word' id='word_1_19' title='bbox 677 1246 740 1342; x_wconf 92' lang='lat' dir='ltr'>qui</span> <span class='ocrx_word' id='word_1_20' title='bbox 753 1243 1094 1315; x_wconf 87' lang='lat' dir='ltr'>adhibuitcodicem</span> <span class='ocrx_word' id='word_1_21' title='bbox 1114 1243 1328 1331; x_wconf 88' lang='lat' dir='ltr'>Palatinum,</span> <span class='ocrx_word' id='word_1_22' title='bbox 1347 1246 1384 1314; x_wconf 91' lang='lat' dir='ltr'>in</span> <span class='ocrx_word' id='word_1_23' title='bbox 1399 1268 1474 1340; x_wconf 92' lang='lat' dir='ltr'>quo</span> <span class='ocrx_word' id='word_1_24' title='bbox 1485 1242 1563 1315; x_wconf 86' lang='lat' dir='ltr'>solo</span> <span class='ocrx_word' id='word_1_25' title='bbox 1582 1244 1641 1316; x_wconf 91' lang='lat' dir='ltr'>hic</span> <span class='ocrx_word' id='word_1_26' title='bbox 1654 1244 1759 1317; x_wconf 85' lang='lat' dir='ltr'>libel·</span> 
     </span>
     <span class='ocr_line' id='line_1_8' title="bbox 151 1365 1756 1467; baseline -0.001 -24"><span class='ocrx_word' id='word_1_27' title='bbox 151 1375 209 1445; x_wconf 87' lang='lat' dir='ltr'>lus</span> <span class='ocrx_word' id='word_1_28' title='bbox 227 1373 373 1467; x_wconf 83' lang='lat' dir='ltr'>legitur3</span> <span class='ocrx_word' id='word_1_29' title='bbox 389 1385 444 1440; x_wconf 88' lang='lat' dir='ltr'>est</span> <span class='ocrx_word' id='word_1_30' title='bbox 458 1369 569 1441; x_wconf 86' lang='lat' dir='ltr'>seculi</span> <span class='ocrx_word' id='word_1_31' title='bbox 581 1373 626 1453; x_wconf 88' lang='lat' dir='ltr'>X,</span> <span class='ocrx_word' id='word_1_32' title='bbox 639 1368 762 1462; x_wconf 88' lang='lat' dir='ltr'>judice</span> <span class='ocrx_word' id='word_1_33' title='bbox 774 1373 831 1437; x_wconf 90' lang='lat' dir='ltr'>Fr.</span> <span class='ocrx_word' id='word_1_34' title='bbox 856 1368 1048 1438; x_wconf 84' lang='lat' dir='ltr'>Wiihenio.</span> <span class='ocrx_word' id='word_1_35' title='bbox 1064 1369 1264 1461; x_wconf 78' lang='lat' dir='ltr'>sequentes</span> <span class='ocrx_word' id='word_1_36' title='bbox 1275 1365 1432 1437; x_wconf 84' lang='lat' dir='ltr'>editores</span> <span class='ocrx_word' id='word_1_37' title='bbox 1447 1376 1612 1437; x_wconf 86' lang='lat' dir='ltr'>nostruin</span> <span class='ocrx_word' id='word_1_38' title='bbox 1622 1371 1756 1464; x_wconf 93' lang='lat' dir='ltr'>passim</span> 
     </span>
     <span class='ocr_line' id='line_1_9' title="bbox 151 1486 1759 1580; baseline -0.002 -14"><span class='ocrx_word' id='word_1_39' title='bbox 151 1493 451 1580; x_wconf 88' lang='lat' dir='ltr'>emendaverunt,</span> <span class='ocrx_word' id='word_1_40' title='bbox 471 1491 590 1561; x_wconf 91' lang='lat' dir='ltr'>donec</span> <span class='ocrx_word' id='word_1_41' title='bbox 606 1496 662 1561; x_wconf 89' lang='lat' dir='ltr'>Fr.</span> <span class='ocrx_word' id='word_1_42' title='bbox 678 1493 708 1559; x_wconf 89' lang='lat' dir='ltr'>J.</span> <span class='ocrx_word' id='word_1_43' title='bbox 730 1490 868 1560; x_wconf 90' lang='lat' dir='ltr'>Bastius</span> <span class='ocrx_word' id='word_1_44' title='bbox 883 1488 1047 1560; x_wconf 87' lang='lat' dir='ltr'>codicem</span> <span class='ocrx_word' id='word_1_45' title='bbox 1061 1488 1184 1558; x_wconf 91' lang='lat' dir='ltr'>denuo</span> <span class='ocrx_word' id='word_1_46' title='bbox 1197 1488 1353 1559; x_wconf 89' lang='lat' dir='ltr'>contulit</span> <span class='ocrx_word' id='word_1_47' title='bbox 1371 1503 1407 1558; x_wconf 93' lang='lat' dir='ltr'>et</span> <span class='ocrx_word' id='word_1_48' title='bbox 1424 1486 1596 1561; x_wconf 86' lang='lat' dir='ltr'>lectiones</span> <span class='ocrx_word' id='word_1_49' title='bbox 1607 1490 1672 1561; x_wconf 89' lang='lat' dir='ltr'>has</span> <span class='ocrx_word' id='word_1_50' title='bbox 1682 1491 1759 1562; x_wconf 91' lang='lat' dir='ltr'>edi·</span> 
     </span>
     <span class='ocr_line' id='line_1_10' title="bbox 154 1609 1760 1713; baseline 0.001 -30"><span class='ocrx_word' id='word_1_51' title='bbox 154 1613 222 1701; x_wconf 89' lang='lat' dir='ltr'>dit,</span> <span class='ocrx_word' id='word_1_52' title='bbox 241 1611 376 1709; x_wconf 89' lang='lat' dir='ltr'>quibus</span> <span class='ocrx_word' id='word_1_53' title='bbox 406 1612 443 1681; x_wconf 94' lang='lat' dir='ltr'>in</span> <span class='ocrx_word' id='word_1_54' title='bbox 463 1611 661 1681; x_wconf 81' lang='lat' dir='ltr'>novissima</span> <span class='ocrx_word' id='word_1_55' title='bbox 677 1610 784 1704; x_wconf 90' lang='lat' dir='ltr'>hujus</span> <span class='ocrx_word' id='word_1_56' title='bbox 810 1611 967 1680; x_wconf 90' lang='lat' dir='ltr'>auctoris</span> <span class='ocrx_word' id='word_1_57' title='bbox 988 1609 1149 1682; x_wconf 86' lang='lat' dir='ltr'>editione</span> <span class='ocrx_word' id='word_1_58' title='bbox 1164 1635 1250 1681; x_wconf 90' lang='lat' dir='ltr'>nsus</span> <span class='ocrx_word' id='word_1_59' title='bbox 1269 1625 1324 1681; x_wconf 86' lang='lat' dir='ltr'>est</span> <span class='ocrx_word' id='word_1_60' title='bbox 1345 1616 1402 1680; x_wconf 88' lang='lat' dir='ltr'>Fr.</span> <span class='ocrx_word' id='word_1_61' title='bbox 1427 1616 1582 1683; x_wconf 87' lang='lat' dir='ltr'>Passow.</span> <span class='ocrx_word' id='word_1_62' title='bbox 1606 1615 1760 1713; x_wconf 80' lang='lat' dir='ltr'>(Lipsioe</span> 
     </span>
     <span class='ocr_line' id='line_1_11' title="bbox 152 1731 1762 1829; baseline 0.001 -23"><span class='ocrx_word' id='word_1_63' title='bbox 152 1735 330 1806; x_wconf 86' lang='lat' dir='ltr'>Teubner.</span> <span class='ocrx_word' id='word_1_64' title='bbox 353 1731 844 1829; x_wconf 69' lang='lat' dir='ltr'>1824).1nssihtiorh.1.ugd.</span> <span class='ocrx_word' id='word_1_65' title='bbox 867 1736 993 1803; x_wconf 85' lang='lat' dir='ltr'>Batava</span> <span class='ocrx_word' id='word_1_66' title='bbox 1009 1748 1169 1803; x_wconf 85' lang='lat' dir='ltr'>servatur</span> <span class='ocrx_word' id='word_1_67' title='bbox 1185 1733 1277 1804; x_wconf 89' lang='lat' dir='ltr'>liber</span> <span class='ocrx_word' id='word_1_68' title='bbox 1291 1758 1334 1804; x_wconf 82' lang='lat' dir='ltr'>ex</span> <span class='ocrx_word' id='word_1_69' title='bbox 1350 1731 1494 1804; x_wconf 85' lang='lat' dir='ltr'>officina</span> <span class='ocrx_word' id='word_1_70' title='bbox 1510 1736 1762 1808; x_wconf 86' lang='lat' dir='ltr'>Commeiinia·</span> 
     </span>
     <span class='ocr_line' id='line_1_12' title="bbox 154 1853 1760 1955; baseline 0.001 -26"><span class='ocrx_word' id='word_1_71' title='bbox 154 1884 213 1948; x_wconf 90' lang='lat' dir='ltr'>na,</span> <span class='ocrx_word' id='word_1_72' title='bbox 224 1883 334 1955; x_wconf 90' lang='lat' dir='ltr'>quem</span> <span class='ocrx_word' id='word_1_73' title='bbox 347 1856 525 1928; x_wconf 83' lang='lat' dir='ltr'>benevole</span> <span class='ocrx_word' id='word_1_74' title='bbox 540 1855 630 1925; x_wconf 91' lang='lat' dir='ltr'>mihi</span> <span class='ocrx_word' id='word_1_75' title='bbox 645 1854 824 1925; x_wconf 87' lang='lat' dir='ltr'>utendum</span> <span class='ocrx_word' id='word_1_76' title='bbox 840 1853 941 1924; x_wconf 91' lang='lat' dir='ltr'>dedit</span> <span class='ocrx_word' id='word_1_77' title='bbox 954 1854 1206 1926; x_wconf 79' lang='lat' dir='ltr'>tacobusGeel</span> <span class='ocrx_word' id='word_1_78' title='bbox 1221 1883 1229 1924; x_wconf 76' lang='grc' dir='ltr'><strong><em>ε</em></strong></span> <span class='ocrx_word' id='word_1_79' title='bbox 1243 1856 1592 1928; x_wconf 81' lang='lat' dir='ltr'>continethchiliem</span> <span class='ocrx_word' id='word_1_80' title='bbox 1605 1861 1760 1947; x_wconf 88' lang='lat' dir='ltr'>Tatium,</span> 
     </span>
    </p>

    <p class='ocr_par' dir='ltr' id='par_1_6' title="bbox 132 1975 1762 2569">
     <span class='ocr_line' id='line_1_13' title="bbox 132 1975 1760 2074; baseline 0.002 -27"><span class='ocrx_word' id='word_1_81' title='bbox 132 1981 320 2074; x_wconf 60' lang='lat' dir='ltr'>*Longum</span> <span class='ocrx_word' id='word_1_82' title='bbox 342 1993 379 2048; x_wconf 91' lang='lat' dir='ltr'>et</span> <span class='ocrx_word' id='word_1_83' title='bbox 396 1976 646 2063; x_wconf 73' lang='lat' dir='ltr'>Parthenium,</span> <span class='ocrx_word' id='word_1_84' title='bbox 672 1976 709 2045; x_wconf 94' lang='lat' dir='ltr'>in</span> <span class='ocrx_word' id='word_1_85' title='bbox 731 1976 837 2047; x_wconf 88' lang='lat' dir='ltr'>titulo</span> <span class='ocrx_word' id='word_1_86' title='bbox 855 1976 1043 2072; x_wconf 89' lang='lat' dir='ltr'>scriptum,</span> <span class='ocrx_word' id='word_1_87' title='bbox 1063 1975 1199 2047; x_wconf 87' lang='lat' dir='ltr'>librum</span> <span class='ocrx_word' id='word_1_88' title='bbox 1214 1976 1302 2047; x_wconf 88' lang='lat' dir='ltr'>olim</span> <span class='ocrx_word' id='word_1_89' title='bbox 1320 1976 1430 2048; x_wconf 80' lang='lat' dir='ltr'>fuisse</span> <span class='ocrx_word' id='word_1_90' title='bbox 1447 1980 1540 2050; x_wconf 86' lang='lat' dir='ltr'>Petri</span> <span class='ocrx_word' id='word_1_91' title='bbox 1552 1983 1760 2070; x_wconf 85' lang='lat' dir='ltr'>Burmanni,</span> 
     </span>
     <span class='ocr_line' id='line_1_14' title="bbox 154 2097 1762 2197; baseline 0.002 -26"><span class='ocrx_word' id='word_1_92' title='bbox 154 2098 613 2195; x_wconf 87' lang='lat' dir='ltr'>hacadnotationeadjecta</span> <span class='ocrx_word' id='word_1_93' title='bbox 626 2128 644 2164; x_wconf 74' lang='lat' dir='ltr'>&lt;r</span> <span class='ocrx_word' id='word_1_94' title='bbox 655 2097 845 2173; x_wconf 88' lang='lat' dir='ltr'>huiclihro</span> <span class='ocrx_word' id='word_1_95' title='bbox 855 2103 929 2170; x_wconf 83' lang='lat' dir='ltr'>Jos.</span> <span class='ocrx_word' id='word_1_96' title='bbox 942 2100 1096 2195; x_wconf 81' lang='lat' dir='ltr'>Scaliger</span> <span class='ocrx_word' id='word_1_97' title='bbox 1107 2099 1239 2171; x_wconf 88' lang='lat' dir='ltr'>multas</span> <span class='ocrx_word' id='word_1_98' title='bbox 1247 2098 1437 2197; x_wconf 90' lang='lat' dir='ltr'>adscripsit</span> <span class='ocrx_word' id='word_1_99' title='bbox 1449 2101 1732 2175; x_wconf 83' lang='lat' dir='ltr'>emendationes.</span> <span class='ocrx_word' id='word_1_100' title='bbox 1750 2143 1762 2165; x_wconf 84' lang='lat'><strong>·</strong></span> 
     </span>
     <span class='ocr_line' id='line_1_15' title="bbox 154 2221 1761 2296; baseline 0 0"><span class='ocrx_word' id='word_1_101' title='bbox 154 2230 325 2296; x_wconf 68' lang='lat' dir='ltr'>Praeterea</span> <span class='ocrx_word' id='word_1_102' title='bbox 338 2227 417 2295; x_wconf 86' lang='lat' dir='ltr'>Car.</span> <span class='ocrx_word' id='word_1_103' title='bbox 435 2229 481 2296; x_wconf 91' lang='lat' dir='ltr'>G.</span> <span class='ocrx_word' id='word_1_104' title='bbox 499 2221 616 2295; x_wconf 89' lang='lat' dir='ltr'>Cobet</span> <span class='ocrx_word' id='word_1_105' title='bbox 629 2247 712 2293; x_wconf 89' lang='lat' dir='ltr'>suas</span> <span class='ocrx_word' id='word_1_106' title='bbox 730 2246 874 2295; x_wconf 90' lang='lat' dir='ltr'>mecum</span> <span class='ocrx_word' id='word_1_107' title='bbox 889 2224 926 2293; x_wconf 91' lang='lat' dir='ltr'>in</span> <span class='ocrx_word' id='word_1_108' title='bbox 941 2221 1014 2294; x_wconf 91' lang='lat' dir='ltr'>hoc</span> <span class='ocrx_word' id='word_1_109' title='bbox 1025 2222 1761 2296; x_wconf 85' lang='lat' dir='ltr'>auctorecommunicavitemendationes:</span> 
     </span>
     <span class='ocr_line' id='line_1_16' title="bbox 155 2343 1762 2442; baseline 0 -23"><span class='ocrx_word' id='word_1_110' title='bbox 155 2348 289 2419; x_wconf 92' lang='lat' dir='ltr'>horum</span> <span class='ocrx_word' id='word_1_111' title='bbox 303 2348 464 2419; x_wconf 88' lang='lat' dir='ltr'>virorum</span> <span class='ocrx_word' id='word_1_112' title='bbox 480 2360 515 2417; x_wconf 89' lang='lat' dir='ltr'>et</span> <span class='ocrx_word' id='word_1_113' title='bbox 531 2344 677 2417; x_wconf 89' lang='lat' dir='ltr'>illorum</span> <span class='ocrx_word' id='word_1_114' title='bbox 691 2347 755 2442; x_wconf 94' lang='lat' dir='ltr'>qui</span> <span class='ocrx_word' id='word_1_115' title='bbox 769 2371 789 2416; x_wconf 92' lang='lat' dir='ltr'>a</span> <span class='ocrx_word' id='word_1_116' title='bbox 804 2346 973 2417; x_wconf 82' lang='lat' dir='ltr'>Passovio</span> <span class='ocrx_word' id='word_1_117' title='bbox 986 2347 1143 2418; x_wconf 89' lang='lat' dir='ltr'>citantur</span> <span class='ocrx_word' id='word_1_118' title='bbox 1153 2343 1471 2416; x_wconf 88' lang='lat' dir='ltr'>emendationibus</span> <span class='ocrx_word' id='word_1_119' title='bbox 1487 2370 1573 2415; x_wconf 91' lang='lat' dir='ltr'>usus</span> <span class='ocrx_word' id='word_1_120' title='bbox 1588 2370 1681 2435; x_wconf 90' lang='lat' dir='ltr'>snm,</span> <span class='ocrx_word' id='word_1_121' title='bbox 1695 2348 1762 2419; x_wconf 84' lang='lat' dir='ltr'>alia</span> 
     </span>
     <span class='ocr_line' id='line_1_17' title="bbox 156 2469 1760 2569; baseline 0 -26"><span class='ocrx_word' id='word_1_122' title='bbox 156 2473 233 2569; x_wconf 89' lang='lat' dir='ltr'>ipse</span> <span class='ocrx_word' id='word_1_123' title='bbox 247 2470 450 2545; x_wconf 86' lang='lat' dir='ltr'>emendavi.</span> <span class='ocrx_word' id='word_1_124' title='bbox 464 2475 698 2567; x_wconf 85' lang='lat' dir='ltr'>Quaecunque</span> <span class='ocrx_word' id='word_1_125' title='bbox 714 2470 834 2566; x_wconf 90' lang='lat' dir='ltr'>itaque</span> <span class='ocrx_word' id='word_1_126' title='bbox 847 2471 884 2540; x_wconf 94' lang='lat' dir='ltr'>in</span> <span class='ocrx_word' id='word_1_127' title='bbox 900 2486 1023 2542; x_wconf 88' lang='lat' dir='ltr'>nostra</span> <span class='ocrx_word' id='word_1_128' title='bbox 1038 2469 1199 2541; x_wconf 90' lang='lat' dir='ltr'>editione</span> <span class='ocrx_word' id='word_1_129' title='bbox 1215 2484 1363 2557; x_wconf 89' lang='lat' dir='ltr'>mutata,</span> <span class='ocrx_word' id='word_1_130' title='bbox 1376 2469 1519 2539; x_wconf 88' lang='lat' dir='ltr'>critices</span> <span class='ocrx_word' id='word_1_131' title='bbox 1531 2495 1601 2565; x_wconf 88' lang='lat' dir='ltr'>ope</span> <span class='ocrx_word' id='word_1_132' title='bbox 1614 2486 1760 2543; x_wconf 85' lang='lat' dir='ltr'>mutata.</span> 
     </span>
    </p>

    <p class='ocr_par' dir='ltr' id='par_1_7' title="bbox 156 2591 1763 2934">
     <span class='ocr_line' id='line_1_18' title="bbox 204 2591 1762 2689; baseline 0 -25"><span class='ocrx_word' id='word_1_133' title='bbox 204 2594 316 2666; x_wconf 88' lang='lat' dir='ltr'>Multa</span> <span class='ocrx_word' id='word_1_134' title='bbox 327 2595 365 2664; x_wconf 93' lang='lat' dir='ltr'>in</span> <span class='ocrx_word' id='word_1_135' title='bbox 378 2592 572 2666; x_wconf 88' lang='lat' dir='ltr'>Parthenio</span> <span class='ocrx_word' id='word_1_136' title='bbox 585 2607 682 2663; x_wconf 91' lang='lat' dir='ltr'>certa</span> <span class='ocrx_word' id='word_1_137' title='bbox 696 2593 837 2664; x_wconf 90' lang='lat' dir='ltr'>ratione</span> <span class='ocrx_word' id='word_1_138' title='bbox 850 2591 1036 2663; x_wconf 90' lang='lat' dir='ltr'>emendari</span> <span class='ocrx_word' id='word_1_139' title='bbox 1052 2617 1128 2664; x_wconf 94' lang='lat' dir='ltr'>non</span> <span class='ocrx_word' id='word_1_140' title='bbox 1145 2607 1314 2688; x_wconf 88' lang='lat' dir='ltr'>possunt,</span> <span class='ocrx_word' id='word_1_141' title='bbox 1329 2593 1502 2689; x_wconf 87' lang='lat' dir='ltr'>quoniam</span> <span class='ocrx_word' id='word_1_142' title='bbox 1518 2607 1554 2662; x_wconf 88' lang='lat' dir='ltr'>et</span> <span class='ocrx_word' id='word_1_143' title='bbox 1566 2617 1638 2663; x_wconf 88' lang='lat' dir='ltr'>suae</span> <span class='ocrx_word' id='word_1_144' title='bbox 1651 2595 1762 2664; x_wconf 84' lang='lat' dir='ltr'>aetatis</span> 
     </span>
     <span class='ocr_line' id='line_1_19' title="bbox 157 2713 1762 2812; baseline 0.001 -29"><span class='ocrx_word' id='word_1_145' title='bbox 157 2713 280 2809; x_wconf 83' lang='lat' dir='ltr'>lingua</span> <span class='ocrx_word' id='word_1_146' title='bbox 306 2715 432 2803; x_wconf 86' lang='lat' dir='ltr'>utitur,</span> <span class='ocrx_word' id='word_1_147' title='bbox 459 2729 495 2784; x_wconf 89' lang='lat' dir='ltr'>et</span> <span class='ocrx_word' id='word_1_148' title='bbox 513 2739 555 2783; x_wconf 84' lang='lat' dir='ltr'>ex</span> <span class='ocrx_word' id='word_1_149' title='bbox 573 2714 736 2812; x_wconf 82' lang='lat' dir='ltr'>antiquis</span> <span class='ocrx_word' id='word_1_150' title='bbox 753 2714 885 2785; x_wconf 83' lang='lat' dir='ltr'>ionicis</span> <span class='ocrx_word' id='word_1_151' title='bbox 904 2713 1153 2810; x_wconf 89' lang='lat' dir='ltr'>scriptoribus,</span> <span class='ocrx_word' id='word_1_152' title='bbox 1168 2739 1211 2785; x_wconf 81' lang='lat' dir='ltr'>ex</span> <span class='ocrx_word' id='word_1_153' title='bbox 1226 2713 1361 2811; x_wconf 91' lang='lat' dir='ltr'>quibus</span> <span class='ocrx_word' id='word_1_154' title='bbox 1379 2713 1510 2802; x_wconf 89' lang='lat' dir='ltr'>hausit,</span> <span class='ocrx_word' id='word_1_155' title='bbox 1527 2738 1601 2784; x_wconf 91' lang='lat' dir='ltr'>non</span> <span class='ocrx_word' id='word_1_156' title='bbox 1622 2730 1762 2785; x_wconf 87' lang='lat' dir='ltr'>tantum</span> 
     </span>
     <span class='ocr_line' id='line_1_20' title="bbox 156 2836 1763 2934; baseline 0 -27"><span class='ocrx_word' id='word_1_157' title='bbox 156 2838 343 2933; x_wconf 90' lang='lat' dir='ltr'>antiquam</span> <span class='ocrx_word' id='word_1_158' title='bbox 352 2836 498 2907; x_wconf 88' lang='lat' dir='ltr'>dicendi</span> <span class='ocrx_word' id='word_1_159' title='bbox 508 2838 697 2926; x_wconf 89' lang='lat' dir='ltr'>rationem,</span> <span class='ocrx_word' id='word_1_160' title='bbox 710 2838 861 2934; x_wconf 90' lang='lat' dir='ltr'>antiqua</span> <span class='ocrx_word' id='word_1_161' title='bbox 874 2836 983 2907; x_wconf 90' lang='lat' dir='ltr'>verba</span> <span class='ocrx_word' id='word_1_162' title='bbox 993 2851 1059 2906; x_wconf 89' lang='lat' dir='ltr'>etc.</span> <span class='ocrx_word' id='word_1_163' title='bbox 1075 2837 1218 2932; x_wconf 85' lang='lat' dir='ltr'>petivit,</span> <span class='ocrx_word' id='word_1_164' title='bbox 1228 2836 1292 2907; x_wconf 90' lang='lat' dir='ltr'>sed</span> <span class='ocrx_word' id='word_1_165' title='bbox 1303 2838 1410 2906; x_wconf 90' lang='lat' dir='ltr'>etiam</span> <span class='ocrx_word' id='word_1_166' title='bbox 1428 2836 1562 2906; x_wconf 90' lang='lat' dir='ltr'>horum</span> <span class='ocrx_word' id='word_1_167' title='bbox 1572 2853 1763 2908; x_wconf 90' lang='lat' dir='ltr'>auctorum</span> 
     </span>
    </p>
   </div>
   <div class='ocr_carea' id='block_1_6' title="bbox 157 3083 1763 3550">
    <p class='ocr_par' dir='ltr' id='par_1_8' title="bbox 157 3083 1763 3550">
     <span class='ocr_line' id='line_1_21' title="bbox 157 3083 791 3181; baseline -0.003 -28"><span class='ocrx_word' id='word_1_168' title='bbox 157 3085 333 3155; x_wconf 88' lang='lat' dir='ltr'>suavitate</span> <span class='ocrx_word' id='word_1_169' title='bbox 355 3099 539 3181; x_wconf 88' lang='lat' dir='ltr'>tantopere</span> <span class='ocrx_word' id='word_1_170' title='bbox 560 3083 791 3154; x_wconf 82' lang='lat' dir='ltr'>delectamur.</span> 
     </span>
     <span class='ocr_line' id='line_1_22' title="bbox 206 3204 1561 3304; baseline -0.003 -25"><span class='ocrx_word' id='word_1_171' title='bbox 206 3208 331 3279; x_wconf 79' lang='lat' dir='ltr'>latina</span> <span class='ocrx_word' id='word_1_172' title='bbox 352 3208 468 3279; x_wconf 89' lang='lat' dir='ltr'>versio</span> <span class='ocrx_word' id='word_1_173' title='bbox 481 3224 536 3278; x_wconf 92' lang='lat' dir='ltr'>est</span> <span class='ocrx_word' id='word_1_174' title='bbox 551 3208 632 3278; x_wconf 84' lang='lat' dir='ltr'>Jani</span> <span class='ocrx_word' id='word_1_175' title='bbox 646 3206 823 3295; x_wconf 76' lang='lat' dir='ltr'>Carnarii,</span> <span class='ocrx_word' id='word_1_176' title='bbox 838 3230 960 3304; x_wconf 88' lang='lat' dir='ltr'>quam,</span> <span class='ocrx_word' id='word_1_177' title='bbox 977 3204 1042 3275; x_wconf 90' lang='lat' dir='ltr'>uhi</span> <span class='ocrx_word' id='word_1_178' title='bbox 1058 3229 1205 3275; x_wconf 88' lang='lat' dir='ltr'>neccsse</span> <span class='ocrx_word' id='word_1_179' title='bbox 1220 3220 1307 3292; x_wconf 88' lang='lat' dir='ltr'>erat,</span> <span class='ocrx_word' id='word_1_180' title='bbox 1326 3206 1561 3277; x_wconf 75' lang='lat' dir='ltr'>correximus.</span> 
     </span>
     <span class='ocr_line' id='line_1_23' title="bbox 208 3304 1763 3427; baseline 0.001 -28"><span class='ocrx_word' id='word_1_181' title='bbox 208 3330 398 3415; x_wconf 89' lang='lat' dir='ltr'>Quadratis</span> <span class='ocrx_word' id='word_1_182' title='bbox 426 3330 685 3427; x_wconf 89' lang='lat' dir='ltr'>parentheseos</span> <span class='ocrx_word' id='word_1_183' title='bbox 704 3331 815 3426; x_wconf 86' lang='lat' dir='ltr'>signis</span> <span class='ocrx_word' id='word_1_184' title='bbox 840 3329 981 3401; x_wconf 87' lang='lat' dir='ltr'>inclusa</span> <span class='ocrx_word' id='word_1_185' title='bbox 1006 3327 1170 3399; x_wconf 89' lang='lat' dir='ltr'>indicant</span> <span class='ocrx_word' id='word_1_186' title='bbox 1199 3304 1370 3415; x_wconf 81' lang='lat' dir='ltr'>delenda,</span> <span class='ocrx_word' id='word_1_187' title='bbox 1397 3329 1566 3401; x_wconf 90' lang='lat' dir='ltr'>rotundis</span> <span class='ocrx_word' id='word_1_188' title='bbox 1581 3329 1763 3419; x_wconf 73' lang='lat' dir='ltr'>addenda,</span> 
     </span>
     <span class='ocr_line' id='line_1_24' title="bbox 157 3453 1150 3550; baseline -0.003 -25"><span class='ocrx_word' id='word_1_189' title='bbox 157 3453 346 3525; x_wconf 86' lang='lat' dir='ltr'>asteriscus</span> <span class='ocrx_word' id='word_1_190' title='bbox 362 3455 515 3550; x_wconf 92' lang='lat' dir='ltr'>positus,</span> <span class='ocrx_word' id='word_1_191' title='bbox 532 3453 596 3525; x_wconf 92' lang='lat' dir='ltr'>uhi</span> <span class='ocrx_word' id='word_1_192' title='bbox 616 3453 780 3550; x_wconf 76' lang='lat' dir='ltr'>quadam</span> <span class='ocrx_word' id='word_1_193' title='bbox 801 3453 924 3524; x_wconf 89' lang='lat' dir='ltr'>deesse</span> <span class='ocrx_word' id='word_1_194' title='bbox 947 3476 1150 3524; x_wconf 87' lang='lat' dir='ltr'>censemus.</span> 
     </span>
    </p>
   </div>
   <div class='ocr_carea' id='block_1_7' title="bbox 160 3730 1823 4565">
    <p class='ocr_par' dir='ltr' id='par_1_9' title="bbox 160 3730 1765 4076">
     <span class='ocr_line' id='line_1_25' title="bbox 208 3730 1764 3829; baseline 0 -29"><span class='ocrx_word' id='word_1_195' title='bbox 208 3734 260 3800; x_wconf 89' lang='lat' dir='ltr'>De</span> <span class='ocrx_word' id='word_1_196' title='bbox 275 3730 421 3802; x_wconf 73' lang='lat' dir='ltr'>Achillis</span> <span class='ocrx_word' id='word_1_197' title='bbox 436 3733 537 3821; x_wconf 85' lang='lat' dir='ltr'>Tatii,</span> <span class='ocrx_word' id='word_1_198' title='bbox 554 3734 677 3828; x_wconf 82' lang='lat' dir='ltr'>Longi,</span> <span class='ocrx_word' id='word_1_199' title='bbox 695 3732 948 3829; x_wconf 86' lang='lat' dir='ltr'>Xenophontis</span> <span class='ocrx_word' id='word_1_200' title='bbox 962 3730 1216 3829; x_wconf 84' lang='lat' dir='ltr'>Ephesiiaetate</span> <span class='ocrx_word' id='word_1_201' title='bbox 1228 3745 1264 3801; x_wconf 88' lang='lat' dir='ltr'>et</span> <span class='ocrx_word' id='word_1_202' title='bbox 1276 3734 1347 3803; x_wconf 87' lang='lat' dir='ltr'>vita</span> <span class='ocrx_word' id='word_1_203' title='bbox 1363 3755 1404 3802; x_wconf 81' lang='lat' dir='ltr'>ex</span> <span class='ocrx_word' id='word_1_204' title='bbox 1421 3746 1583 3802; x_wconf 87' lang='lat' dir='ltr'>veterum</span> <span class='ocrx_word' id='word_1_205' title='bbox 1601 3731 1764 3802; x_wconf 91' lang='lat' dir='ltr'>testimo·</span> 
     </span>
     <span class='ocr_line' id='line_1_26' title="bbox 160 3853 1765 3954; baseline 0 -31"><span class='ocrx_word' id='word_1_206' title='bbox 160 3854 231 3924; x_wconf 88' lang='lat' dir='ltr'>niis</span> <span class='ocrx_word' id='word_1_207' title='bbox 250 3854 342 3925; x_wconf 88' lang='lat' dir='ltr'>nihil</span> <span class='ocrx_word' id='word_1_208' title='bbox 369 3857 457 3925; x_wconf 90' lang='lat' dir='ltr'>certi</span> <span class='ocrx_word' id='word_1_209' title='bbox 479 3855 749 3953; x_wconf 74' lang='lat' dir='ltr'>afferripotes13</span> <span class='ocrx_word' id='word_1_210' title='bbox 770 3881 812 3926; x_wconf 85' lang='lat' dir='ltr'>ex</span> <span class='ocrx_word' id='word_1_211' title='bbox 830 3881 935 3954; x_wconf 85' lang='lat' dir='ltr'>prava</span> <span class='ocrx_word' id='word_1_212' title='bbox 955 3858 1155 3945; x_wconf 78' lang='lat' dir='ltr'>Grtecitate,</span> <span class='ocrx_word' id='word_1_213' title='bbox 1181 3880 1251 3953; x_wconf 89' lang='lat' dir='ltr'>qua</span> <span class='ocrx_word' id='word_1_214' title='bbox 1277 3870 1441 3943; x_wconf 89' lang='lat' dir='ltr'>utuntur,</span> <span class='ocrx_word' id='word_1_215' title='bbox 1462 3854 1543 3925; x_wconf 86' lang='lat' dir='ltr'>illos</span> <span class='ocrx_word' id='word_1_216' title='bbox 1567 3853 1612 3924; x_wconf 93' lang='lat' dir='ltr'>ad</span> <span class='ocrx_word' id='word_1_217' title='bbox 1630 3854 1765 3925; x_wconf 87' lang='lat' dir='ltr'>seriora</span> 
     </span>
     <span class='ocr_line' id='line_1_27' title="bbox 161 3975 1223 4076; baseline 0.004 -31"><span class='ocrx_word' id='word_1_218' title='bbox 161 3975 299 4065; x_wconf 84' lang='lat' dir='ltr'>saecula,</span> <span class='ocrx_word' id='word_1_219' title='bbox 319 3975 357 4046; x_wconf 93' lang='lat' dir='ltr'>id</span> <span class='ocrx_word' id='word_1_220' title='bbox 376 3992 471 4048; x_wconf 91' lang='lat' dir='ltr'>ests.</span> <span class='ocrx_word' id='word_1_221' title='bbox 490 3981 535 4048; x_wconf 88' lang='grc' dir='ltr'>ΙΙΙ</span> <span class='ocrx_word' id='word_1_222' title='bbox 547 4003 624 4075; x_wconf 88' lang='lat' dir='ltr'>sqq.</span> <span class='ocrx_word' id='word_1_223' title='bbox 641 4004 676 4074; x_wconf 92' lang='lat' dir='ltr'>p.</span> <span class='ocrx_word' id='word_1_224' title='bbox 693 3979 776 4050; x_wconf 89' lang='lat' dir='ltr'>Chr.</span> <span class='ocrx_word' id='word_1_225' title='bbox 797 3978 1005 4051; x_wconf 83' lang='lat' dir='ltr'>referendos</span> <span class='ocrx_word' id='word_1_226' title='bbox 1018 4004 1096 4050; x_wconf 91' lang='lat' dir='ltr'>esse</span> <span class='ocrx_word' id='word_1_227' title='bbox 1115 3995 1223 4076; x_wconf 91' lang='lat' dir='ltr'>patet.</span> 
     </span>
    </p>

    <p class='ocr_par' dir='ltr' id='par_1_10' title="bbox 162 4095 1767 4295">
     <span class='ocr_line' id='line_1_28' title="bbox 212 4095 1767 4193; baseline 0.003 -31"><span class='ocrx_word' id='word_1_228' title='bbox 212 4097 372 4166; x_wconf 84' lang='lat' dir='ltr'>Eroticos</span> <span class='ocrx_word' id='word_1_229' title='bbox 389 4095 494 4168; x_wconf 86' lang='lat' dir='ltr'>edere</span> <span class='ocrx_word' id='word_1_230' title='bbox 506 4099 646 4193; x_wconf 89' lang='lat' dir='ltr'>paranti</span> <span class='ocrx_word' id='word_1_231' title='bbox 659 4102 738 4169; x_wconf 89' lang='lat' dir='ltr'>Car.</span> <span class='ocrx_word' id='word_1_232' title='bbox 754 4104 797 4171; x_wconf 92' lang='lat' dir='ltr'>G.</span> <span class='ocrx_word' id='word_1_233' title='bbox 810 4099 926 4170; x_wconf 88' lang='lat' dir='ltr'>Cobet</span> <span class='ocrx_word' id='word_1_234' title='bbox 942 4115 978 4170; x_wconf 91' lang='lat' dir='ltr'>ct</span> <span class='ocrx_word' id='word_1_235' title='bbox 994 4100 1166 4172; x_wconf 88' lang='lat' dir='ltr'>lectiones</span> <span class='ocrx_word' id='word_1_236' title='bbox 1181 4100 1318 4171; x_wconf 88' lang='lat' dir='ltr'>codicis</span> <span class='ocrx_word' id='word_1_237' title='bbox 1332 4100 1531 4171; x_wconf 86' lang='lat' dir='ltr'>Florentini</span> <span class='ocrx_word' id='word_1_238' title='bbox 1547 4099 1767 4170; x_wconf 86' lang='lat' dir='ltr'>accuratissi-</span> 
     </span>
     <span class='ocr_line' id='line_1_29' title="bbox 162 4217 1438 4295; baseline 0.005 -10"><span class='ocrx_word' id='word_1_239' title='bbox 162 4241 219 4286; x_wconf 90' lang='lat' dir='ltr'>me</span> <span class='ocrx_word' id='word_1_240' title='bbox 233 4217 353 4289; x_wconf 89' lang='lat' dir='ltr'>collati</span> <span class='ocrx_word' id='word_1_241' title='bbox 372 4235 408 4289; x_wconf 90' lang='lat' dir='ltr'>et</span> <span class='ocrx_word' id='word_1_242' title='bbox 422 4244 504 4290; x_wconf 90' lang='lat' dir='ltr'>suas</span> <span class='ocrx_word' id='word_1_243' title='bbox 520 4221 557 4290; x_wconf 91' lang='lat' dir='ltr'>in</span> <span class='ocrx_word' id='word_1_244' title='bbox 575 4220 632 4290; x_wconf 94' lang='lat' dir='ltr'>his</span> <span class='ocrx_word' id='word_1_245' title='bbox 647 4220 856 4292; x_wconf 91' lang='lat' dir='ltr'>auctoribus</span> <span class='ocrx_word' id='word_1_246' title='bbox 872 4223 1146 4295; x_wconf 87' lang='lat' dir='ltr'>emendationes</span> <span class='ocrx_word' id='word_1_247' title='bbox 1159 4223 1261 4294; x_wconf 91' lang='lat' dir='ltr'>dedit</span> <span class='ocrx_word' id='word_1_248' title='bbox 1276 4222 1438 4294; x_wconf 86' lang='lat' dir='ltr'>utendas.</span> 
     </span>
    </p>

    <p class='ocr_par' dir='ltr' id='par_1_11' title="bbox 162 4342 1823 4565">
     <span class='ocr_line' id='line_1_30' title="bbox 210 4342 1768 4437; baseline 0.004 -28"><span class='ocrx_word' id='word_1_249' title='bbox 210 4344 250 4410; x_wconf 93' lang='lat' dir='ltr'>In</span> <span class='ocrx_word' id='word_1_250' title='bbox 271 4357 395 4413; x_wconf 90' lang='lat' dir='ltr'>nostra</span> <span class='ocrx_word' id='word_1_251' title='bbox 416 4342 578 4414; x_wconf 88' lang='lat' dir='ltr'>editione</span> <span class='ocrx_word' id='word_1_252' title='bbox 596 4343 691 4414; x_wconf 92' lang='lat' dir='ltr'>hanc</span> <span class='ocrx_word' id='word_1_253' title='bbox 709 4344 821 4417; x_wconf 85' lang='lat' dir='ltr'>secuti</span> <span class='ocrx_word' id='word_1_254' title='bbox 838 4371 964 4416; x_wconf 89' lang='lat' dir='ltr'>sumus</span> <span class='ocrx_word' id='word_1_255' title='bbox 983 4354 1181 4437; x_wconf 84' lang='lat' dir='ltr'>rationem,</span> <span class='ocrx_word' id='word_1_256' title='bbox 1202 4362 1240 4417; x_wconf 88' lang='lat' dir='ltr'>ut</span> <span class='ocrx_word' id='word_1_257' title='bbox 1269 4347 1434 4418; x_wconf 88' lang='lat' dir='ltr'>meliores</span> <span class='ocrx_word' id='word_1_258' title='bbox 1454 4371 1495 4417; x_wconf 85' lang='lat' dir='ltr'>ex</span> <span class='ocrx_word' id='word_1_259' title='bbox 1518 4344 1706 4417; x_wconf 91' lang='lat' dir='ltr'>codicibus</span> <span class='ocrx_word' id='word_1_260' title='bbox 1720 4344 1768 4415; x_wconf 92' lang='lat' dir='ltr'>le·</span> 
     </span>
     <span class='ocr_line' id='line_1_31' title="bbox 162 4466 1823 4565; baseline 0.003 -33"><span class='ocrx_word' id='word_1_261' title='bbox 162 4466 299 4535; x_wconf 89' lang='lat' dir='ltr'>ctioncs</span> <span class='ocrx_word' id='word_1_262' title='bbox 313 4480 349 4535; x_wconf 89' lang='lat' dir='ltr'>et</span> <span class='ocrx_word' id='word_1_263' title='bbox 365 4466 525 4536; x_wconf 90' lang='lat' dir='ltr'>virorum</span> <span class='ocrx_word' id='word_1_264' title='bbox 542 4468 769 4538; x_wconf 89' lang='lat' dir='ltr'>eruditorum</span> <span class='ocrx_word' id='word_1_265' title='bbox 791 4484 1003 4565; x_wconf 87' lang='lat' dir='ltr'>nostrasque</span> <span class='ocrx_word' id='word_1_266' title='bbox 1016 4471 1289 4543; x_wconf 89' lang='lat' dir='ltr'>emendationes</span> <span class='ocrx_word' id='word_1_267' title='bbox 1305 4472 1342 4541; x_wconf 88' lang='lat' dir='ltr'>in</span> <span class='ocrx_word' id='word_1_268' title='bbox 1357 4485 1493 4541; x_wconf 81' lang='lat' dir='ltr'>textum</span> <span class='ocrx_word' id='word_1_269' title='bbox 1512 4467 1765 4564; x_wconf 91' lang='lat' dir='ltr'>receperimus.</span> <span class='ocrx_word' id='word_1_270' title='bbox 1821 4560 1823 4564; x_wconf 39' lang='lat'>.</span> 
     </span>
    </p>
   </div>
   <div class='ocr_carea' id='block_1_8' title="bbox 162 4587 1773 5182">
    <p class='ocr_par' dir='ltr' id='par_1_12' title="bbox 162 4587 1767 4928">
     <span class='ocr_line' id='line_1_32' title="bbox 162 4587 1767 4695; baseline 0.002 -39"><span class='ocrx_word' id='word_1_271' title='bbox 162 4587 322 4658; x_wconf 92' lang='lat' dir='ltr'>lndicem</span> <span class='ocrx_word' id='word_1_272' title='bbox 339 4587 549 4683; x_wconf 88' lang='lat' dir='ltr'>adjecimus,</span> <span class='ocrx_word' id='word_1_273' title='bbox 568 4591 605 4660; x_wconf 91' lang='lat' dir='ltr'>in</span> <span class='ocrx_word' id='word_1_274' title='bbox 633 4616 707 4685; x_wconf 90' lang='lat' dir='ltr'>qno</span> <span class='ocrx_word' id='word_1_275' title='bbox 726 4617 949 4695; x_wconf 75' lang='lat' dir='ltr'>quacunque</span> <span class='ocrx_word' id='word_1_276' title='bbox 969 4596 1006 4664; x_wconf 92' lang='lat' dir='ltr'>in</span> <span class='ocrx_word' id='word_1_277' title='bbox 1027 4620 1174 4691; x_wconf 90' lang='lat' dir='ltr'>quoque</span> <span class='ocrx_word' id='word_1_278' title='bbox 1190 4609 1335 4665; x_wconf 89' lang='lat' dir='ltr'>auctore</span> <span class='ocrx_word' id='word_1_279' title='bbox 1357 4608 1491 4663; x_wconf 90' lang='lat' dir='ltr'>mutata</span> <span class='ocrx_word' id='word_1_280' title='bbox 1511 4606 1607 4679; x_wconf 90' lang='lat' dir='ltr'>sunt,</span> <span class='ocrx_word' id='word_1_281' title='bbox 1632 4593 1767 4678; x_wconf 88' lang='lat' dir='ltr'>notavi,</span> 
     </span>
     <span class='ocr_line' id='line_1_33' title="bbox 164 4709 1767 4811; baseline 0.003 -33"><span class='ocrx_word' id='word_1_282' title='bbox 164 4709 210 4779; x_wconf 93' lang='lat' dir='ltr'>ita</span> <span class='ocrx_word' id='word_1_283' title='bbox 234 4726 272 4779; x_wconf 91' lang='lat' dir='ltr'>ut</span> <span class='ocrx_word' id='word_1_284' title='bbox 287 4709 400 4782; x_wconf 86' lang='lat' dir='ltr'>lector</span> <span class='ocrx_word' id='word_1_285' title='bbox 410 4711 512 4783; x_wconf 80' lang='lat' dir='ltr'>facile</span> <span class='ocrx_word' id='word_1_286' title='bbox 525 4713 656 4797; x_wconf 84' lang='lat' dir='ltr'>videat,</span> <span class='ocrx_word' id='word_1_287' title='bbox 678 4740 842 4811; x_wconf 75' lang='lat' dir='ltr'>quanam</span> <span class='ocrx_word' id='word_1_288' title='bbox 860 4714 1015 4811; x_wconf 85' lang='lat' dir='ltr'>vulgaris</span> <span class='ocrx_word' id='word_1_289' title='bbox 1031 4718 1076 4786; x_wconf 90' lang='lat' dir='ltr'>sit</span> <span class='ocrx_word' id='word_1_290' title='bbox 1092 4716 1211 4805; x_wconf 86' lang='lat' dir='ltr'>lectio,</span> <span class='ocrx_word' id='word_1_291' title='bbox 1228 4717 1350 4811; x_wconf 90' lang='lat' dir='ltr'>quide</span> <span class='ocrx_word' id='word_1_292' title='bbox 1371 4713 1491 4799; x_wconf 81' lang='lat' dir='ltr'>codd,</span> <span class='ocrx_word' id='word_1_293' title='bbox 1505 4712 1594 4811; x_wconf 88' lang='lat' dir='ltr'>quid</span> <span class='ocrx_word' id='word_1_294' title='bbox 1625 4713 1767 4784; x_wconf 87' lang='lat' dir='ltr'>critices</span> 
     </span>
     <span class='ocr_line' id='line_1_34' title="bbox 163 4834 557 4928; baseline 0.01 -27"><span class='ocrx_word' id='word_1_295' title='bbox 163 4856 232 4928; x_wconf 90' lang='lat' dir='ltr'>ope</span> <span class='ocrx_word' id='word_1_296' title='bbox 250 4834 296 4903; x_wconf 94' lang='lat' dir='ltr'>sit</span> <span class='ocrx_word' id='word_1_297' title='bbox 313 4834 557 4907; x_wconf 86' lang='lat' dir='ltr'>emendatum.</span> 
     </span>
    </p>

    <p class='ocr_par' dir='ltr' id='par_1_13' title="bbox 164 4954 1773 5182">
     <span class='ocr_line' id='line_1_35' title="bbox 211 4954 1767 5059; baseline 0.002 -36"><span class='ocrx_word' id='word_1_298' title='bbox 211 4954 368 5025; x_wconf 83' lang='lat' dir='ltr'>Achilles</span> <span class='ocrx_word' id='word_1_299' title='bbox 386 4958 506 5028; x_wconf 82' lang='lat' dir='ltr'>Tatius</span> <span class='ocrx_word' id='word_1_300' title='bbox 519 4959 678 5055; x_wconf 93' lang='lat' dir='ltr'>primum</span> <span class='ocrx_word' id='word_1_301' title='bbox 693 4962 817 5031; x_wconf 89' lang='lat' dir='ltr'>Latine</span> <span class='ocrx_word' id='word_1_302' title='bbox 830 4960 984 5059; x_wconf 91' lang='lat' dir='ltr'>prodiit,</span> <span class='ocrx_word' id='word_1_303' title='bbox 1003 4960 1135 5032; x_wconf 87' lang='lat' dir='ltr'>Annib.</span> <span class='ocrx_word' id='word_1_304' title='bbox 1148 4961 1300 5032; x_wconf 90' lang='lat' dir='ltr'>Cruceio</span> <span class='ocrx_word' id='word_1_305' title='bbox 1313 4960 1526 5057; x_wconf 89' lang='lat' dir='ltr'>interprete,</span> <span class='ocrx_word' id='word_1_306' title='bbox 1542 4958 1655 5056; x_wconf 84' lang='lat' dir='ltr'>Lugd.</span> <span class='ocrx_word' id='word_1_307' title='bbox 1671 4954 1767 5052; x_wconf 91' lang='lat' dir='ltr'>apud</span> 
     </span>
     <span class='ocr_line' id='line_1_36' title="bbox 164 5076 1773 5182; baseline 0.004 -39"><span class='ocrx_word' id='word_1_308' title='bbox 164 5076 198 5147; x_wconf 91' lang='lat' dir='ltr'>S.</span> <span class='ocrx_word' id='word_1_309' title='bbox 214 5077 416 5173; x_wconf 88' lang='lat' dir='ltr'>Gryphium</span> <span class='ocrx_word' id='word_1_310' title='bbox 434 5104 465 5149; x_wconf 91' lang='lat' dir='ltr'>a.</span> <span class='ocrx_word' id='word_1_311' title='bbox 490 5079 579 5168; x_wconf 75' lang='grc'>1544</span> <span class='ocrx_word' id='word_1_312' title='bbox 589 5108 599 5172; x_wconf 81' lang='lat'>3</span> <span class='ocrx_word' id='word_1_313' title='bbox 614 5080 676 5153; x_wconf 93' lang='lat' dir='ltr'>hic</span> <span class='ocrx_word' id='word_1_314' title='bbox 692 5084 739 5155; x_wconf 91' lang='lat' dir='ltr'>ab</span> <span class='ocrx_word' id='word_1_315' title='bbox 762 5088 841 5155; x_wconf 90' lang='lat' dir='ltr'>Oct.</span> <span class='ocrx_word' id='word_1_316' title='bbox 863 5084 1024 5155; x_wconf 89' lang='lat' dir='ltr'>Ferrario</span> <span class='ocrx_word' id='word_1_317' title='bbox 1040 5082 1203 5154; x_wconf 89' lang='lat' dir='ltr'>codicem</span> <span class='ocrx_word' id='word_1_318' title='bbox 1220 5083 1276 5154; x_wconf 89' lang='lat' dir='ltr'>vel</span> <span class='ocrx_word' id='word_1_319' title='bbox 1298 5085 1422 5182; x_wconf 92' lang='lat' dir='ltr'>potius</span> <span class='ocrx_word' id='word_1_320' title='bbox 1435 5083 1571 5153; x_wconf 92' lang='lat' dir='ltr'>codicis</span> <span class='ocrx_word' id='word_1_321' title='bbox 1586 5083 1773 5177; x_wconf 66' lang='lat' dir='ltr'>fragmen·⁴</span> 
     </span>
    </p>
   </div>
   <div class='ocr_carea' id='block_1_9' title="bbox 167 5202 1770 5375">
    <p class='ocr_par' dir='ltr' id='par_1_14' title="bbox 167 5202 1770 5375">
     <span class='ocr_line' id='line_1_37' title="bbox 167 5202 1770 5303; baseline 0.002 -38"><span class='ocrx_word' id='word_1_322' title='bbox 167 5212 244 5267; x_wconf 87' lang='lat' dir='ltr'>tum</span> <span class='ocrx_word' id='word_1_323' title='bbox 269 5218 464 5296; x_wconf 87' lang='lat' dir='ltr'>acceperat.</span> <span class='ocrx_word' id='word_1_324' title='bbox 498 5204 614 5275; x_wconf 75' lang='lat' dir='ltr'>Altera</span> <span class='ocrx_word' id='word_1_325' title='bbox 644 5207 784 5289; x_wconf 83' lang='lat' dir='ltr'>Cruceij</span> <span class='ocrx_word' id='word_1_326' title='bbox 805 5209 930 5303; x_wconf 21' lang='lat' dir='ltr'>“versio</span> <span class='ocrx_word' id='word_1_327' title='bbox 959 5231 1001 5275; x_wconf 87' lang='lat' dir='ltr'>ex</span> <span class='ocrx_word' id='word_1_328' title='bbox 1029 5204 1154 5276; x_wconf 88' lang='lat' dir='ltr'>codice</span> <span class='ocrx_word' id='word_1_329' title='bbox 1176 5211 1298 5277; x_wconf 84' lang='lat' dir='ltr'>Romae</span> <span class='ocrx_word' id='word_1_330' title='bbox 1330 5209 1479 5278; x_wconf 88' lang='lat' dir='ltr'>invento</span> <span class='ocrx_word' id='word_1_331' title='bbox 1508 5205 1649 5277; x_wconf 84' lang='lat' dir='ltr'>Basileae</span> <span class='ocrx_word' id='word_1_332' title='bbox 1674 5202 1770 5272; x_wconf 89' lang='lat' dir='ltr'>edita</span> 
     </span>
     <span class='ocr_line' id='line_1_38' title="bbox 249 5320 1662 5375; baseline 0.001 -3"><span class='ocrx_word' id='word_1_333' title='bbox 249 5320 374 5375; x_wconf 83' lang='lat' dir='ltr'>Enorrcr.</span> <span class='ocrx_word' id='word_1_334' title='bbox 1646 5343 1662 5374; x_wconf 84' lang='lat' dir='ltr'>u</span> 
     </span>
    </p>
   </div>
   <div class='ocr_carea' id='block_1_10' title="bbox 0 0 1995 5964">
    <p class='ocr_par' dir='ltr' id='par_1_15' title="bbox 0 0 1995 5964">
     <span class='ocr_line' id='line_1_39' title="bbox 0 0 1995 5964; baseline 0 0"><span class='ocrx_word' id='word_1_335' title='bbox 0 0 1995 5964; x_wconf 95' lang='lat' dir='ltr'> </span> 
     </span>
    </p>
   </div>
  </div>
 </body>
</html>
