3866 5956
263 442 319 492 558

260 562 330 642 μετδ
343 559 428 644 ῥοίζου
441 557 616 638 καταχνθελς,
628 557 732 639 ήρπασί
744 581 771 617 τε
783 557 815 617 τὸ
829 561 914 634 θῦμα,
924 556 970 616 καί
982 556 1042 622 τούς

259 650 320 733 περὶ
333 649 377 709 τὸν
394 649 483 728 βωμόν
498 646 678 727 διεσπάραξεν.
689 644 726 706 Ὁ
740 645 787 723 μίν
802 635 846 705 οθν
861 644 892 718 δή
905 645 1044 718 Σωσθίνης

260 741 318 808 iio<
333 730 364 810 ήν
380 734 595 815 ἐκπεπληγμένος
605 735 652 796 καί
665 733 734 802 ἐνεδς
747 729 870 805 tarmei
888 733 917 795 δί
927 757 957 812 γε
970 736 1044 794 Παν-

262 828 306 888 θία
318 824 390 886 κατδ
406 828 456 905 γῆν
477 829 612 902 πεσοῦσα,
629 823 674 884 καί
688 821 736 895 τήν
754 819 848 882 notris
860 821 987 882 τίλλουσα
1000 821 1046 881 καὶ

232 912 371 998 ὓψιλοθσα
387 911 435 985 τήν
453 912 584 992 κεφαλήν,
599 938 611 965 ε
627 915 680 973 Ζεῦ
697 909 796 991 πάτερ,
814 917 903 991 φεῖσαι
917 914 965 981 τῆς
982 912 1047 988 ἐμῆς

260 1032 271 1054 ι
284 1004 386 1074 πολιᾶς,
402 1002 491 1080 ἔλεγε,
513 1003 601 1082 φεῖσαι
614 999 734 1070 νεότητος
753 997 892 1078 θυγατρός·
913 997 981 1070 αθτη
1002 1021 1047 1074 μοι

261 1119 273 1143 ε
286 1088 466 1171 παραμύθιον,
480 1087 549 1159 αὕτη
563 1111 608 1166 μοι
621 1086 784 1168 παραψυχή,
798 1085 866 1159 αὕτη
880 1109 925 1163 μοι
942 1092 989 1147 τοῦ
1003 1087 1047 1166 γε’-

261 1207 273 1230 e
285 1202 345 1245 νους
359 1178 445 1245 ἐλπίς·
456 1176 540 1256 ταύτῃ
555 1176 669 1255 γέγηθα,
682 1176 728 1234 καί
740 1179 791 1233 τῶν
804 1179 849 1232 τοῦ
859 1173 946 1254 γήρως
959 1177 1048 1234 κακῶν

262 1267 459 1344 εέπιλήθομαν
475 1269 521 1326 ἐπ’
545 1269 610 1342 ἐμῆς
625 1255 687 1338 οὖν,
704 1265 750 1323 ἐπ’
765 1266 831 1341 ἐμῆς
844 1261 942 1336 ταύτης
957 1261 1049 1329 παιδδς

223 1367 249 1407 1⁰
265 1358 337 1418 ττδν
358 1356 483 1416 ἀπαίσιον
497 1362 587 1415 τοῦτον
602 1353 672 1434 όρνιν
687 1354 800 1434 πίμψον.
815 1356 867 1414 Ζεῦ
882 1352 999 1432 Πάτριε,
1011 1353 1049 1429 μή

264 1473 274 1496 ι
289 1467 339 1521 μου
364 1442 422 1510 τοὺς
437 1440 586 1521 ὀρθαλμοθς
600 1441 727 1521 ἐκκόψῃς·
751 1438 798 1516 μήΙ
814 1464 864 1514 μου
887 1439 931 1499 τὸν
953 1438 1048 1519 λύχνον

264 1531 400 1608 ισόέσης·
415 1531 452 1609 μή
468 1555 518 1606 μου
533 1532 670 1611 πρόρριζον
691 1529 734 1586 τὸν
755 1528 855 1607 στάχυν
877 1526 996 1607 tertine-
1012 1527 1049 1602 μή

267 1641 340 1694 ιμοι
364 1624 409 1678 τοῦ
434 1619 524 1695 γένους
549 1618 645 1683 παντὸς
669 1615 809 1697 άποκείρης
836 1615 881 1675 τὸν
905 1615 1050 1696 βόστρυχα.

267 1733 281 1757 ι
293 1705 333 1764 Ὦ
345 1704 446 1764 δειλαία
458 1706 546 1783 μήτηρ
561 1703 623 1782 ἐγὼ,
638 1701 660 1762 δε
675 1703 777 1762 δειλαία
789 1705 840 1761 τῶν
853 1703 986 1780 θυμάτοιν,
997 1705 1049 1763 δει-

228 1811 254 1851 ie
267 1822 277 1846 r
291 1792 353 1850 λαία
376 1798 427 1852 τῶν
444 1795 556 1852 οἰωνῶν·
571 1791 712 1856 καλλίπαις
728 1783 792 1863 ήκον
814 1790 839 1858 ἐξ
860 1791 1054 1867 Αθλικόιμιδος,

266 1910 277 1933 υ
293 1880 417 1961 πατρίδος
436 1882 516 1958 ἐμῆς,
536 1880 582 1940 καί
600 1885 644 1939 νῦν
666 1878 802 1946 α’θλεόπαις
823 1883 849 1939 ἐν
873 1880 1049 1961 Ιίύρυκώμιδι.

266 1996 278 2020 a
294 1968 341 2035 Ὡς
364 1969 490 2050 παρθένον
512 1967 559 2039 τήν
583 1967 650 2045 ἐμήν
665 1965 795 2043 Ὑσμίνην
821 1967 1053 2047 ἐνυμροστόλησα,

267 2057 449 2123 «retourne
467 2056 561 2135 νεκρδιν
584 2055 762 2135 άποδύρομαι,
787 2056 832 2114 καὶ
853 2059 939 2123 ζῶσαν
956 2061 1053 2138 θρηνῶ.

270 2143 411 2221 «Ὑσμίνη
433 2165 478 2222 μοι
502 2148 555 2221 ρῶς
577 2146 737 2226 ίξαπερρθης
761 2146 813 2202 τῶν
838 2146 994 2223 όρθαλμιῗιν·
1008 2148 1054 2206 ούκ

228 2247 278 2287 20«
294 2234 483 2311 ἐπιθαλάμιον,
504 2236 564 2293 ἀλλ’
574 2234 740 2293 ἐπιθανάτιον
756 2233 812 2315 ᾅδω
826 2256 880 2292 σοι·
895 2237 943 2294 οὐκ
957 2237 1053 2316 ἐπιγα-

268 2352 280 2375 a
294 2323 413 2401 μηλίοις,
427 2326 484 2383 ἀλλ’
498 2323 662 2402 ἐπιτυμόίοις
677 2323 822 2398 σπένδομαί
834 2346 876 2383 σοι
891 2325 981 2404 χοαῖς,
993 2329 1054 2402 καὶ,

269 2442 281 2466 υ
297 2412 421 2484 aurinia
438 2412 597 2492 παροιμίαν,
610 2414 742 2494 ἄνθρακας
757 2412 869 2494 είιρίσκω
884 2412 943 2483 τοθς
955 2419 1054 2487 θησαυ-

269 2530 280 2553 ιι
339 2526 362 2567 ς,
377 2528 389 2554 ει

295 2526 345 2649 pii.
360 2592 445 2649 Ταῦτ’
456 2590 542 2669 ἔλεγεν
553 2595 570 2662 ή
583 2590 704 2660 Πανθία,
718 2589 763 2649 καί
776 2590 821 2650 τδν
835 2592 925 2669 βωμὸν
940 2594 1055 2676 ἐπλήρου

228 2692 258 2732 σε
271 2677 371 2759 θρήνων
386 2678 431 2735 καὶ
442 2683 581 2750 κωκυτῶν,
594 2678 642 2748 τήν
659 2677 772 2757 παρειάν
782 2680 972 2758 αὖλακίζαυσα,
982 2684 1054 2763 dend-

272 2768 404 2849 ῥήσσουσα
419 2764 466 2839 τὴν
480 2769 587 2839 ἐσθῆτα,
596 2768 661 2847 λίθῳ
674 2767 828 2839 πλήττουσα
842 2767 873 2827 τδ
884 2768 1000 2850 στίρνον,
1011 2774 1056 2830 καὶ

271 2857 319 2929 τήν
331 2856 448 2939 κεραλήν
462 2857 695 2938 καταρράσσουσα.
737 2856 777 2916 Τὸ
793 2855 840 2933 μίν
853 2846 897 2917 οὖν
913 2859 944 2929 δή
959 2864 1057 2932 πλῆθος

272 2946 349 3018 (οὐδὲ
364 2944 414 3024 γδρ
431 2944 484 3004 iri
498 2945 587 3026 δρυὸς,
600 2947 654 3005 οὐδ’
669 2943 721 3005 ἀπὸ
736 2943 849 3025 πέτρας]
867 2955 919 3013 τοῖς
933 2951 979 3019 τῆς
989 2951 1057 3007 Παν·

272 3034 328 3101 θίας
339 3035 533 3114 κατεθρύπτετο
547 3034 591 3094 καὶ
606 3035 709 3114 θρήνοις
727 3035 772 3093 καί
788 3047 956 3116 στεναγμοῖς,
969 3037 1014 3096 καὶ
1025 3029 1056 3109 ip

232 3138 259 3178 ³0
273 3121 299 3190 ἐξ
311 3124 411 3203 ἀνδρῶν
426 3123 471 3182 καί
488 3127 616 3200 γυναικῶν
631 3123 772 3201 ξύμμικτος
785 3128 802 3195 ή
816 3125 881 3202 βοή·
897 3127 924 3184 al
938 3124 985 3201 μέν
1004 3126 1057 3207 γάρ

272 3210 305 3281 δή
320 3211 482 3289 γοναῖκεςτῇ
499 3211 603 3291 Πανθίρ
620 3210 787 3289 ξυνεθρήνουν
800 3212 844 3269 καὶ
858 3211 1054 3282 ξυνεκόπτοντο,

273 3301 297 3356 ai
312 3298 333 3356 δ’
348 3298 439 3376 ἄνδρες
459 3297 647 3370 ἐξεπλήττοντό
663 3323 691 3359 τε
709 3299 754 3358 καὶ
770 3299 994 3372 κατεπλήττοντο·
1012 3301 1057 3361 καὶ

273 3388 299 3443 oi
313 3385 361 3462 μίν
376 3384 499 3445 ἀπαίσιον
521 3388 678 3467 κατερελοσό
698 3410 744 3446 ουν
757 3388 803 3447 τὸν
816 3388 923 3462 οέωνδν,
934 3392 958 3448 οἱ
974 3389 997 3449 δ’
1012 3393 1056 3449 ai-

274 3470 401 3531 σιιθτατον
410 3496 416 3509 ·
426 3463 494 3544 ήσαν
506 3471 533 3531 δὲ
545 3474 591 3532 καὶ
600 3475 664 3554 παρ’
678 3411 716 3542 ύίς
725 3475 769 3534 καί
783 3476 814 3536 τὸ
823 3485 934 3556 πρᾶγμα
944 3479 1058 3557 τυχηρὸν

233 3575 262 3615 σε
274 3558 416 3635 ἐλογίζετο·
427 3559 495 3617 οὕτω
509 3559 555 3638 μὲν
563 3551 607 3620 odi
622 3563 653 3623 τὸ
662 3564 761 3635 πλῆθος
774 3566 809 3629 ὡς
820 3563 866 3622 καὶ
881 3564 928 3635 τήν
938 3567 1059 3643 γλῶτταν

274 3645 320 3706 καί
330 3644 378 3716 τήν
393 3646 501 3726 γνώμην
513 3637 584 3728 εἶχεν
598 3647 742 3725 ξύμμικτον
757 3649 801 3709 καί
813 3651 945 3733 διάφορον.
960 3652 1059 3735 Μήτηρ

275 3733 304 3794 δέ
319 3757 364 3812 μοι
375 3734 499 3794 Διάντιια
512 3734 559 3794 σὺν
573 3738 656 3816 πατρί
669 3740 800 3812 θεμιστεῖ
810 3737 857 3810 τήν
874 3739 993 3800 Πανθίαν
1012 3765 1059 3800 πε·

276 3826 422 3907 ριχυθίντες
432 3829 493 3907 περὶ
506 3828 553 3900 τήν
565 3828 696 3907 ἡμετέραν
706 3820 792 3889 είλκον
805 3829 908 3908 οἰκίαν,
920 3831 965 3892 καί
977 3840 1060 3895 ταῦτα

275 3915 313 3993 μή
333 3917 469 3976 θέλουσαν·
499 3916 552 3994 ἐγὼ
576 3917 602 3977 it
618 3916 663 3975 καί
687 3917 868 3997 Κρατισθένης
895 3918 995 4002 (παρῆν
1009 3923 1060 4003 γὰρ

234 4031 263 4071 tu
279 4004 325 4064 καί
349 4005 441 4084 αὐτὸς]
455 4006 499 4066 τὸν
512 4006 653 4077 Σωσθένην
668 4006 857 4083 μεθείλκυμεν,
876 4006 922 4066 καί
938 4011 998 4088 περὶ
1012 4012 1059 4084 τήν

278 4092 363 4152 οίκίαν
375 4093 536 4171 γεγόναμεν,
553 4093 598 4153 καί
617 4094 668 4172 πρδ
687 4096 844 4153 τῶνπυλῶν
867 4094 914 4167 τήν
929 4096 1060 4176 Ὑσμίνην

276 4179 438 4259 δακρύουσαν
452 4181 577 4261 εθρομεν·
593 4183 784 4262 προδραμαθσα
797 4183 849 4264 γάρ
864 4207 903 4250 τις
917 4186 1061 4261 παιδίσκη,

275 4266 360 4348 ταύτῃ
371 4269 401 4329 τὸ
416 4277 468 4328 πᾶν
484 4267 630 4339 ἀνεὲίδαξε.
677 4271 729 4331 Καὶ
746 4272 825 4332 πάλιν
842 4267 1006 4354 θρῆνοςήρτο
1016 4299 1061 4335 και

276 4358 407 4424 κωκυτός·
422 4363 439 4430 ή
452 4359 500 4434 μὲν
516 4361 565 4439 γὰρ
579 4358 610 4432 δή
623 4358 759 4440 μήτηρὼς
772 4361 815 4420 ἐπὶ
827 4363 936 4444 θυγατρί
949 4365 1060 4447 θανούσῃ

236 4463 262 4507 ti
276 4445 320 4506 τόν
336 4450 429 4525 θρῆνον
441 4446 618 4526 ἐξήγειρεν,ή
632 4447 660 4506 δέ
671 4471 701 4529 γε
717 4450 833 4532 θυγάτηρ
845 4452 887 4511 ἐπὶ
903 4452 984 4533 μητρὶ
998 4459 1059 4533 θρη·

274 4533 356 4615 νεύσῃ
374 4533 468 4615 πικρὸν
482 4534 653 4616 άντωδύρετο.
671 4537 724 4597 Καί
741 4560 786 4613 μοι
810 4539 899 4617 πατὴρ
915 4541 1062 4617 Θιμιστεθς

275 4622 322 4681 καί
335 4622 425 4701 μήτηρ
439 4621 562 4683 Διάντεια
577 4624 638 4703 περὶ
659 4624 690 4684 τδ
715 4627 846 4702 δωμάτιον
869 4629 916 4696 τδς
938 4634 1062 4707 γυναῖκας

277 4711 430 4787 εἰσάγουσι,
446 4712 490 4771 τὸν
506 4712 615 4773 κοπετὸν
627 4716 836 4782 κατευνάζοντες.

319 4820 350 4858 ια.
368 4799 440 4878 Ἐγὼ
455 4800 539 4861 δὲκαὶ
558 4805 734 4883 Κρατισθένης
749 4804 809 4883 περί
823 4804 918 4880 τούμὸν
930 4807 1062 4883 γεγονότες

237 4904 265 4942 w
279 4886 425 4963 δωμάτιον,
442 4888 475 4947 rie
501 4890 568 4966 μετδι
587 4890 636 4963 τήν
653 4891 807 4969 ,θῦλίκωμιν
828 4894 1010 4970 ἐκοινούμεθα·
1026 4899 1062 4964 ὡς

277 4973 320 5031 ἐπὶ
340 4974 371 5033 τθ
386 4976 488 5036 δεῖπνον
513 4977 582 5036 κατὰ
605 4978 727 5055 μέτωπόν
744 5003 796 5059 μου
821 4980 869 5052 τήν
893 4980 1062 5060 Ὑσμίνηνή

277 5059 349 5128 τάξις
369 5064 502 5139 ἐκάθισεν,
516 5071 551 5133 ὡς
572 5066 654 5146 ἔγωγε
674 5070 704 5128 τὸ
718 5069 793 5145 πόμα
812 5069 901 5130 λαθὼν
920 5072 965 5130 καὶ
985 5075 1063 5150 μόνον

280 5146 385 5226 ἐγγίσας
398 5159 452 5217 τοῖς
465 5153 582 5230 χείλεσι,
598 5157 662 5233 πρὸς
674 5157 717 5216 τὸν
732 5157 799 5216 δόντ’
816 5159 996 5234 α’ντιδέδωκα,
1015 5160 1064 5234 τήν

279 5232 412 5312 Ὗσμίνην
427 5240 508 5300 εἰπὼν
522 5243 634 5323 όρείλειν
652 5269 704 5321 μου
718 5259 852 5329 προπιεῖν,
866 5250 911 5309 καὶ
929 5254 944 5308 i
963 5254 1062 5332 Κρατι-

882 435 1081 496 ariraetot
1102 433 1199 494 arui.
1222 434 1265 509 ς.

1670 429 1894 510 [mart-412]
1923 434 1924 499 l

1091 568 1116 613 et
1125 564 1217 628 impetu
1227 574 1355 626 mumpans
1365 560 1538 626 eataaliripnit
1548 574 1679 626 amnesque
1692 564 1742 614 aria
1757 562 1901 615 εὺίιιω

1090 665 1254 716 conturbavit.
1287 664 1359 716 Stetit
1372 664 1447 726 igitur
1460 663 1590 714 εωθιοσεε
1602 664 1734 715 exterritus
1744 667 1771 715 at
1780 677 1899 723 mus:

1092 766 1192 816 Panthia
1202 779 1261 815 uero
1273 766 1340 816 iamt
1355 765 1489 829 prostrata,
1501 763 1612 814 nautius
1623 763 1735 815 candiana
1748 765 1863 816 θεείισεεε
1874 772 1901 816 et

1091 869 1162 929 eaput
1173 864 1299 915 denudans
1310 864 1449 915 clamabat:
1464 884 1476 907 ι
1486 862 1581 928 Jupiter
1594 869 1670 928 pater,
1684 865 1799 917 ωἰεσεετσ
1813 868 1896 916 σαπί-

1092 987 1104 1011 r
1119 968 1159 1017 tiei
1178 982 1240 1018 mem
1267 974 1292 1019 et
1311 968 1446 1032 juventutis
1466 968 1543 1018 litias:
1567 968 1620 1018 trare
1642 968 1703 1019 milri
1726 969 1853 1019 solatiam
1869 973 1897 1019 et

1094 1083 1105 1105 a
1119 1064 1243 1125 leuamen,
1267 1063 1407 1129 generisque
1429 1077 1497 1126 ερατ,
1518 1063 1577 1113 milri
1598 1064 1713 1127 gaudium
1735 1068 1773 1114 eti
1792 1065 1821 1114 in
1840 1079 1899 1128 qao

1095 1157 1231 1208 «omniurn
1246 1159 1376 1210 mactatis
1396 1159 1515 1211 ωεθοεοω
1538 1159 1668 1209 obtiviscar
1684 1173 1691 1208 :
1707 1172 1790 1209 ειεεεε
1811 1160 1899 1223 igitur

1094 1272 1106 1295 a
1120 1252 1169 1301 iilia
1192 1252 1383 1304 iulatioiaataruaa
1400 1252 1462 1305 illud
1473 1265 1546 1304 omen
1564 1254 1647 1317 ρτοουΙ
1661 1254 1754 1303 averte
1788 1253 1897 1316 διεσθίει

1095 1372 1107 1395 ι
1120 1353 1208 1411 Patrio.
1218 1365 1249 1402 ne
1259 1355 1287 1402 tn
1297 1352 1356 1403 mitti
1364 1365 1437 1403 εευεε
1446 1352 1544 1413 omina,
1555 1365 1587 1402 ua
1595 1354 1678 1402 tornea
1690 1365 1772 1402 maun
1786 1352 1897 1403 anatin-

1096 1456 1109 1493 i
1122 1464 1193 1513 giras,
1208 1463 1239 1500 ne
1250 1451 1347 1501 aristam
1362 1449 1477 1501 radlailua
1486 1451 1591 1513 evellas,
1607 1464 1638 1501 ue
1650 1451 1771 1502 anim
1782 1451 1897 1502 inniti

1098 1544 1197 1594 «alecus
1216 1543 1350 1594 abaoindaa.
1384 1547 1406 1595 0
1431 1557 1470 1594 me
1489 1544 1610 1597 intritam
1624 1548 1745 1605 matrem,
1758 1546 1894 1595 iatadoen

1096 1661 1109 1684 ι
1123 1648 1220 1705 propter
1239 1642 1397 1701 saarldelum.
1414 1645 1510 1707 propter
1521 1656 1593 1693 umen
1605 1643 1749 1693 intelioemt
1783 1645 1899 1696 antino·

1097 1758 1109 1782 ε
1123 1738 1199 1800 aride,
1212 1751 1241 1788 ex
1255 1738 1332 1801 patria
1344 1751 1412 1798 mea,
1423 1738 1531 1801 putetrrra
1547 1739 1634 1803 puelia
1646 1743 1724 1788 mater
1736 1740 1807 1801 veni,
1818 1753 1895 1789 nune

1098 1837 1283 1901 odrrryoomide
1304 1839 1380 1888 mater
1395 1836 1528 1887 miseranda
1547 1837 1642 1888 adsum.
1676 1840 1739 1888 Eme
1762 1839 1895 1901 virginem

1099 1957 1110 1979 υ
1128 1937 1257 1999 ttysminon
1270 1935 1369 2000 quidem
1390 1949 1469 1985 meam
1483 1949 1557 1999 quam
1571 1936 1672 2000 nuptiali
1689 1937 1784 1987 mundo
1797 1952 1898 1988 ornare

1099 2053 1110 2076 υ
1124 2035 1318 2098 parabam‚nuan
1328 2033 1362 2083 uti
1371 2032 1418 2082 iata
1427 2034 1533 2083 iuncum
1546 2033 1615 2095 lugeo
1625 2036 1650 2083 et
1662 2034 1787 2085 uirentem
1799 2034 1896 2085 dedeo.

1099 2149 1111 2172 a
1126 2130 1253 2192 occidisti,
1279 2130 1410 2193 Hyrmine,
1428 2130 1508 2181 tumea
1532 2130 1660 2181 oculorum
1684 2144 1817 2194 meorum
1843 2146 1898 2182 aaa

1102 2224 1281 2286 ulrpmenaeum
1293 2223 1338 2273 tibi
1353 2224 1395 2273 sod
1414 2223 1541 2286 lugubrem
1560 2224 1664 2273 anniam
1683 2225 1800 2275 οεειῑεθο.
1834 2227 1894 2277 Non

1101 2341 1114 2365 ι
1127 2321 1170 2371 tibi
1183 2321 1244 2371 lanio
1258 2321 1358 2384 nuptiali
1377 2321 1460 2380 iatius,
1472 2321 1515 2370 aed
1533 2321 1645 2371 manibus
1663 2322 1712 2371 tuis
1723 2321 1826 2373 lutariae
1839 2338 1899 2387 pao

1100 2438 1112 2460 r
1126 2416 1242 2479 triniaci
1253 2416 1295 2476 ita,
1307 2416 1373 2480 quod
1385 2417 1519 2467 veriverbio
1529 2418 1643 2480 imtatur.
1655 2417 1774 2470 carbones
1780 2419 1896 2471 tiemari

1102 2532 1115 2557 a
1128 2514 1181 2562 loeo
1192 2513 1280 2564 inveni.
1295 2533 1307 2555 ν

1135 2615 1171 2658 11.
1183 2609 1243 2658 iiten
1251 2607 1332 2658 dimas
1343 2608 1444 2658 emilia
1454 2609 1520 2658 iuotu
1530 2610 1671 2673 gemituque
1680 2622 1749 2660 aram
1760 2610 1894 2677 implevit,

1101 2716 1263 2778 mutinuoque
1274 2728 1347 2778 genna
1362 2715 1461 2776 radens,
1474 2728 1504 2765 aa
1516 2720 1607 2767 uestem
1624 2716 1898 2778 matrisanimula
1923 2684 1924 2709 ί

1102 2826 1180 2889 iapida
1192 2826 1430 2890 pactmverueram.
1445 2827 1496 2877 solo
1512 2831 1585 2891 capnt
1600 2827 1728 2891 applausit.
1763 2831 1818 2881 ilos
1835 2833 1898 2881 Pan·

1102 2937 1160 2987 tlrias
1178 2936 1246 2987 tuctu
1267 2936 1409 2998 gemituque
1423 2938 1506 2987 attrita
1524 2937 1664 3001 iuitpnpati
1681 2938 1816 2989 multitudo
1829 2943 1894 3001 (ισσ

1102 3049 1168 3097 enlm
1179 3063 1209 3099 ea
1219 3062 1310 3112 ηοατυ
1323 3052 1365 3098 aut
1375 3049 1454 3110 lapide
1463 3049 1539 3112 miti,
1551 3050 1714 3112 contususque
1722 3049 1857 3102 hominum
1872 3053 1899 3101 et
1923 3108 1924 3153 γ

1103 3159 1230 3209 mulierum
1242 3158 1334 3209 clamor
1342 3164 1485 3209 exortuseet
1498 3180 1503 3210 :
1517 3159 1631 3211 mulieres
1644 3160 1709 3210 enim
1718 3172 1776 3210 cum
1788 3163 1898 3211 t‘anttria

1103 3270 1187 3333 ingere
1193 3274 1218 3319 et
1227 3269 1339 3319 manibus
1349 3272 1446 3331 pectora
1456 3268 1571 3331 tunderm
1582 3269 1780 3321 inominerautem
1791 3272 1896 3320 territus

1103 3380 1275 3430 eteonterritos
1283 3380 1356 3438 stara,
1368 3379 1442 3429 modo
1451 3377 1532 3430 diruta
1542 3392 1624 3440 omen,
1635 3378 1897 3431 ωοθοίευεείεείεεισεα

1104 3486 1231 3547 ειθθεεείς
1244 3489 1346 3537 erantet
1354 3486 1443 3549 qrritim
1455 3501 1491 3537 res
1505 3487 1604 3538 fortuito
1615 3487 1730 3539 accidisse
1744 3487 1894 3539 videbatur:
1923 3552 1924 3559 γ

1104 3596 1136 3645 ita
1150 3597 1223 3645 tantai
1242 3595 1403 3645 multitudiuis
1425 3597 1460 3646 uti
1479 3596 1538 3645 surii
1550 3609 1688 3658 sermones,
1703 3596 1739 3648 aiu
1753 3597 1895 3649 diversari
1923 3562 1924 3591 ί

1104 3702 1228 3752 commiste
1245 3703 1363 3753 malentis
1378 3702 1433 3753 luit.
1476 3703 1577 3753 Diautea
1588 3716 1646 3754 uero
1664 3707 1742 3756 mater
1753 3718 1810 3756 unm
1825 3711 1895 3770 patre

1105 3810 1376 3862 utremiatooeaatnirm
1386 3811 1490 3873 amplexi
1500 3811 1895 3866 domrrminaitamretuctaatera·

1105 3933 1153 3983 que
1166 3922 1308 3982 traxerunti
1318 3933 1362 3983 tiu
1372 3933 1429 3970 raro
1444 3923 1469 3970 et
1479 3921 1658 3982 cratissima,
1668 3922 1710 3984 qui
1725 3921 1828 3982 aderat,
1839 3927 1891 3973 sos.

1107 4031 1203 4080 tirenem
1222 4029 1383 4080 abstraximus
1400 4035 1424 4080 et
1437 4030 1531 4080 aedibrrs
1554 4030 1733 4093 proximantes,
1757 4034 1894 4095 apamiam
1923 4010 1924 4039 ί

1105 4145 1161 4192 ante
1176 4141 1274 4204 ianuam
1285 4141 1457 4205 lacrymantem
1473 4141 1621 4192 attendimus
1631 4161 1637 4193 r
1647 4155 1700 4193 eam
1710 4142 1776 4193 enim
1787 4157 1895 4205 precur-

1051 4275 1057 4297 ι
1107 4265 1161 4303 rens
1169 4252 1255 4302 aneilla
1270 4265 1321 4303 rem
1330 4255 1406 4303 totam
1415 4252 1554 4303 edocuerat.
1568 4251 1661 4303 Exinde
1674 4253 1853 4315 redintegratas
1862 4256 1896 4305 ia·

1106 4364 1174 4422 otum
1185 4365 1262 4410 mater
1277 4360 1340 4409 euim
1358 4364 1472 4422 tauquam
1485 4359 1506 4408 si
1523 4360 1570 4408 iiia
1585 4362 1684 4409 mortua
1694 4363 1759 4410 earet
1772 4360 1896 4423 lacrymas

1106 4473 1239 4535 εειίεεθως
1263 4471 1382 4522 ditavero
1399 4471 1606 4521 lacrimabundam
1620 4472 1724 4521 matrem
1743 4471 1896 4523 imitabatur.
1923 4438 1924 4475 ί

1107 4588 1192 4650 itaqua
1213 4584 1366 4636 Themisteas
1383 4589 1451 4647 pater
1470 4585 1494 4633 et
1513 4582 1708 4633 maternianus
1728 4581 1847 4647 planetu,
1861 4588 1897 4635 nti

1108 4701 1233 4762 poterant,
1247 4696 1343 4754 sedato,
1358 4697 1412 4747 iilos
1422 4696 1534 4747 uubiuuio
1547 4696 1713 4747 reddiderunt.

1141 4819 1177 4863 tt.
1195 4816 1243 4874 Epo
1264 4824 1360 4875 quoque
1372 4825 1428 4861 oum
1446 4809 1597 4860 cratistluena
1615 4811 1640 4859 in
1657 4809 1796 4861 mulcatum
1814 4823 1895 4861 meum

1108 4901 1191 4965 irnrpi.
1227 4901 1261 4952 lbi
1277 4901 1376 4952 domum
1395 4901 1504 4963 singula,
1526 4914 1582 4964 qum
1595 4904 1650 4966 post
1664 4901 1843 4952 Antioomidem
1857 4916 1894 4953 re
1923 4892 1924 4933 i

1109 4992 1189 5041 lietam
1203 4990 1261 5041 milri
1275 4993 1417 5052 euenerant,
1430 4991 1592 5041 recensuimus
1607 5009 1613 5041 ι
1630 4993 1658 5040 ut
1678 4990 1704 5040 in
1722 4989 1839 5041 oonrivlo
1853 4991 1894 5040 ad·
1923 4998 1924 5057 Ῑ

1109 5092 1177 5129 versa
1190 5079 1304 5144 itysmino
1319 5079 1437 5129 collocata
1451 5079 1508 5141 tuit,
1523 5081 1550 5128 ut
1570 5079 1696 5142 inceptum
1716 5078 1836 5140 ςιοειεΙαειε
1855 5082 1893 5129 ei·

1110 5169 1192 5220 tremis
1210 5169 1302 5220 labellis
1320 5170 1445 5218 eorrtineas
1458 5166 1605 5218 cratistlreai
1623 5165 1734 5228 reddidi,
1757 5167 1893 5229 liyaaalaaa
1923 5196 1924 5211 r

1111 5261 1187 5323 prima
1199 5259 1280 5310 iubere
1292 5257 1405 5310 detinuisse
1414 5257 1525 5309 dictitans
1530 5274 1538 5321 i
1546 5258 1574 5307 ut
1584 5254 1656 5321 Ιθειαζ
1663 5254 1894 5323 οεεθειθισα(δίε
1923 5212 1924 5307 ί
