3872 5944
732 1136 1139 1258 PRAEFATIO.

835 1486 1018 1512 *—

317 1918 369 1985 De
388 1911 580 1984 Eumathio
599 1913 673 1984 sive
692 1911 879 1984 Eustathio
895 1912 1004 2011 (nam
1018 1912 1064 1987 de
1079 1939 1166 1988 vero
1183 1916 1341 1989 auctoris
1365 1918 1514 1992 nomine
1535 1920 1601 1994 viri

266 2035 363 2108 docti
385 2034 574 2132 dubitant)
594 2034 695 2106 etde
722 2035 800 2131 ejus
820 2034 904 2107 libri
920 2033 1072 2109 historia
1094 2036 1266 2111 litteraria
1296 2037 1494 2114 disserendi
1524 2067 1599 2116 non

266 2174 321 2231 est
348 2159 409 2230 hic
436 2159 548 2229 locus.
588 2156 701 2230 Adeat
730 2156 857 2248 lector,
878 2158 942 2255 qui
964 2156 1012 2231 de
1032 2157 1089 2231 his
1117 2174 1274 2257 quaeret,
1297 2163 1465 2235 notitiam
1489 2188 1600 2260 quam
1694 2152 1697 2159 ’

265 2281 552 2379 interpretationi
569 2279 762 2352 vernaculo
783 2304 950 2353 sermone
972 2279 1095 2354 multis
1118 2281 1253 2355 abhinc
1271 2284 1411 2356 annisa
1437 2306 1495 2355 me
1515 2307 1601 2355 con·

266 2407 405 2502 scriptae
420 2419 456 2477 et
471 2404 622 2499 vulgatae
640 2402 692 2499 (t)
716 2402 863 2502 praeiixi,
881 2418 919 2476 et
936 2404 1134 2502 prasertim
1152 2411 1192 2477 F.
1213 2409 1370 2496 0sanui,
1390 2405 1459 2478 viri
1481 2405 1601 2477 erudi·

268 2526 412 2618 tissimi,
426 2530 665 2620 Proleqomenu
684 2527 729 2600 od
744 2529 924 2599 Euatatbii
938 2528 1194 2599 Momemboiitoe
1213 2527 1444 2601 deductibus
1459 2529 1598 2622 Hysmi·

266 2654 333 2724 niae
354 2663 387 2723 ct
406 2652 582 2746 Hyrmineo
608 2650 728 2722 drama
754 2652 799 2722 ab
824 2674 859 2722 sc
877 2636 1205 2741 edeaduijissae,
1225 2653 1450 2742 MDOGCLV,
1469 2654 1518 2738 4⁰.

313 2773 452 2863 Quibus
465 2787 586 2846 autem
601 2773 743 2845 auxiliis
749 2771 893 2868 adjutus
905 2771 1034 2845 fuerim
1045 2772 1091 2844 ad
1099 2772 1299 2845 sanandum
1310 2772 1479 2845 editionis
1490 2771 1599 2847 Gaul·

266 2898 431 2969 minianae
444 2911 656 3001 contextum
665 2897 986 2995 paucisexponam.
1002 2894 1151 2967 Codices
1162 2888 1336 2968 tredecim
1350 2895 1427 2994 ipse
1443 2895 1596 2986 contuli,

266 3025 447 3093 Romanos
459 3019 761 3118 scilicetquinque
770 3033 806 3092 et
815 3018 991 3091 Parisinus
1002 3032 1097 3090 octo.
1112 3021 1191 3089 Imo
1204 3019 1313 3091 trium
1321 3019 1594 3091 Monacensium

267 3144 450 3215 Variantes
459 3142 631 3215 lectiones
646 3145 682 3214 in
694 3167 780 3214 usus
789 3166 889 3214 meos
901 3154 1063 3213 enotatas
1075 3140 1439 3213 summaliberalitate
1450 3164 1595 3212 mecum
1673 3209 1685 3230 ,

264 3267 544 3338 communicavit
560 3266 615 3338 vir
630 3265 859 3337 doctissimus
875 3278 911 3334 et
931 3262 1170 3335 amicissimus
1184 3268 1233 3335 lo.
1250 3266 1358 3335 Geor.
1381 3261 1593 3358 Krabinger,

265 3391 343 3480 cui,
360 3390 454 3461 illius
467 3389 578 3485 gratia
590 3390 760 3461 Vaticana
786 3402 822 3460 et
836 3387 993 3460 Parisina
1006 3386 1142 3485 synesii
1159 3384 1403 3484 manuscripta
1416 3384 1595 3484 exempla·

265 3515 318 3586 ria
342 3513 583 3604 conserendo,
607 3514 709 3613 paria
732 3513 881 3611 paribus
913 3512 1046 3585 referre
1069 3511 1161 3585 mihi
1182 3511 1347 3608 contigit.
1374 3510 1472 3599 Quin
1490 3510 1598 3583 etiam

265 3637 427 3709 codicem
449 3637 727 3710 Ambrosianum
744 3636 937 3710 Mediolani
963 3637 1116 3736 inspexi3
1131 3634 1387 3736 septemdecim
1408 3634 1516 3733 igitur
1533 3658 1597 3708 co·

265 3760 363 3836 dices
378 3760 470 3834 mihi
483 3760 646 3835 subsidio
660 3760 819 3852 suerunt,
835 3784 993 3859 quorum
1007 3760 1201 3858 descriptio
1215 3759 1391 3858 sequitur.

819 3988 1040 4058 VATICANI.

315 4202 356 4269 Α.
378 4236 426 4250 -
452 4195 554 4266 CXIV
579 4189 695 4262 forma
721 4201 867 4285 quarta,
892 4185 1018 4258 charta
1048 4183 1289 4281 bombycina,
1328 4180 1455 4253 litteris
1474 4181 1595 4253 minu·

267 4320 411 4392 tissimis
443 4317 637 4412 multisque
661 4309 887 4411 compendiis
911 4309 1084 4406 scriptus,
1119 4330 1231 4403 quem
1254 4305 1301 4377 ad
1330 4303 1500 4376 saeculum
1531 4308 1593 4374 Xii

268 4446 427 4515 Anratius
449 4439 646 4530 referebat,
670 4461 736 4533 ego
766 4447 887 4506 autem
904 4429 1035 4504 saeculo
1056 4432 1138 4501 XHI
1163 4426 1407 4524 antiquiorem
1422 4448 1496 4497 non
1518 4424 1591 4495 exi·

266 4569 386 4640 stimo.

308 4829 336 4904 (ι
349 4839 357 4905 J
373 4834 529 4886 Arentnrcs
543 4826 579 4882 de
594 4823 729 4898 Hysmind
743 4830 772 4877 et
790 4816 954 4892 Hysminias
966 4833 1020 4891 par
1041 4812 1183 4870 Bumathe
1204 4806 1439 4881 biacrembolite,
1455 4803 1594 4862 tretiuites

267 4937 308 4993 du
318 4936 406 5008 Grec,
421 4954 488 4992 avec
501 4933 549 4989 des
563 4948 726 5003 remarqnes
740 4946 792 5003 par
806 4927 857 4986 Pb.
873 4925 915 4981 Le
928 4925 990 4995 Res,
1003 4921 1097 4991 Paris,
1110 4921 1126 4974 J
1131 4963 1137 4979 .
1151 4920 1178 4975 S.
1191 4916 1305 4987 nertin,
1322 4912 1407 4971 1828.
1424 4910 1548 4991 (ΗΝ
1560 4909 1598 4967 de

266 5043 292 5098 la
304 5042 460 5100 collection
475 5039 526 5096 des
540 5039 664 5094 Romans
673 5032 779 5112 grece.)
