3946 5964
228 444 264 485 iv
922 388 1144 481 'vussino

280 553 513 622 Clraritonctn
544 549 879 646 rlplirodisicnsem,
903 549 948 619 de
970 551 1074 642 cujus
1104 551 1173 618 vita
1199 562 1233 617 et
1251 563 1352 618 aetate
1377 548 1498 617 nullus
1523 564 1683 619 veterum
1703 550 1844 647 aliquid

233 674 548 762 commemoravit,
565 674 725 769 primum
748 670 979 741 editumesse
998 672 1166 743 alacobo
1182 671 1351 767 Philippo
1364 671 1552 761 D'Orville,
1570 673 1844 763 rlmstelodami,

239 793 341 889 1750,
357 796 439 891 quis
456 793 620 891 ignorat?
638 796 676 865 ln
699 791 824 864 codice
848 793 1058 864 Florentino
1083 793 1162 885 solo
1179 792 1241 863 hic
1259 807 1386 863 auctor
1408 794 1603 889 reperitur,
1629 794 1734 888 cujus
1754 797 1845 866 scri-

233 933 338 1014 ptura
353 919 391 988 in
414 918 487 989 hoc
510 932 656 989 auctore
673 940 765 1012 saepe
787 915 941 986 obscura
955 930 1017 985 ant
1033 930 1208 987 vetustate
1222 914 1392 1005 evanida;
1407 940 1517 1012 quare
1532 915 1645 988 multa
1663 918 1845 989 Cocchius

232 1054 294 1109 ant
311 1041 465 1111 omnino
488 1064 564 1111 non
588 1039 704 1134 legere
725 1037 858 1134 potuit,
877 1051 939 1106 aut
955 1036 1048 1107 male
1069 1036 1164 1130 legit.
1187 1038 1373 1133 —Spisso
1397 1035 1562 1107 Dorvillii
1582 1038 1846 1109 commentario

233 1161 362 1233 additae
378 1178 414 1234 et
427 1167 455 1233 J.
477 1166 507 1232 J.
527 1160 661 1232 Reiskii
680 1158 971 1247 emendationes,
993 1183 1145 1255 quarum
1165 1159 1450 1255 multaeoptimae
1467 1175 1554 1229 sunt
1573 1176 1685 1249 notae,
1700 1176 1737 1231 et
1754 1162 1847 1231 Lati·

233 1314 279 1358 na
293 1288 410 1358 versio
422 1287 578 1383 egregia,
601 1284 724 1381 quain
742 1298 865 1353 nostra
881 1281 1043 1353 editione
1057 1282 1112 1352 usi
1131 1306 1276 1371 sumus3
1291 1281 1388 1353 hanc
1402 1297 1500 1357 textu
1522 1284 1634 1379 magis
1651 1283 1846 1356 emendato
1927 1308 1932 1313 ·

233 1428 268 1484 et
289 1411 484 1506 integriore
497 1407 713 1504 gaudentes,
729 1405 948 1476 mutavimus
960 1419 996 1475 et
1012 1404 1262 1501 supplevimus
1274 1404 1338 1475 ubi
1358 1429 1504 1476 necesse
1523 1421 1611 1477 erat.

282 1533 542 1605 Dorvillianam
577 1529 795 1616 editionem,
834 1527 957 1625 paullo
988 1526 1290 1616 emendatiorem,
1312 1528 1407 1623 typis
1438 1528 1683 1599 recudendam
1707 1530 1847 1601 curavit

232 1658 316 1728 Chr.
343 1663 386 1727 D.
404 1654 513 1742 Beck,
537 1654 682 1751 Lipsiae,
703 1667 825 1723 sumtu
845 1657 884 1724 E.
909 1656 944 1720 B.
963 1650 1215 1739 Schwiclierti,
1230 1677 1260 1722 a.
1288 1650 1389 1747 1783,
1407 1651 1608 1749 adjecitque
1627 1653 1790 1725 Piersoni
1809 1670 1846 1724 et

235 1775 422 1849 Abreschii
440 1799 597 1870 suasque
616 1771 853 1867 conjecturas.

283 1899 467 1988 Codicem‚
477 1897 565 1969 dum
583 1896 772 1969 Florentiae
785 1894 949 1992 degebat,
964 1919 1105 1965 summa
1119 1920 1202 1966 cum
1212 1895 1546 1991 curaetdiligentia,
1559 1921 1652 1995 saepe
1663 1899 1749 1969 artis
1760 1899 1847 1971 che-

237 2027 336 2096 micae
353 2049 434 2120 ope,
455 2024 585 2092 iterum
604 2019 760 2091 contulit
772 2022 826 2090 vir
842 2020 1081 2090 amicissimus
1094 2021 1133 2090 C.
1152 2023 1196 2088 G.
1214 2018 1351 2107 Cobet,
1369 2018 1541 2118 deditque
1563 2021 1654 2090 mihi
1670 2021 1846 2094 benevole

236 2149 330 2220 lianc
352 2146 600 2233 collationem,
617 2158 725 2240 atque
747 2142 835 2214 hinc
860 2143 1000 2214 lacunis
1022 2158 1164 2214 scatens
1182 2142 1241 2212 ille
1261 2157 1294 2212 et
1312 2142 1480 2238 plurimis
1501 2143 1590 2214 locis
1606 2168 1713 2241 prave
1733 2145 1848 2218 lectus

236 2270 410 2341 Chariton
427 2257 643 2341 ecodiceita
658 2266 847 2364 suppletus
862 2281 897 2337 et
910 2267 1124 2338 emendatus
1140 2281 1207 2356 est,
1222 2282 1262 2335 ut
1278 2267 1335 2335 vix
1351 2266 1506 2336 alterum
1524 2268 1731 2365 exemplum
1747 2294 1850 2366 repe-

236 2394 304 2463 rias
321 2392 494 2480 auctoris,
516 2392 575 2461 cui
600 2415 643 2460 ex
663 2414 757 2460 nova
772 2389 965 2461 collatione
989 2405 1086 2461 tanta
1105 2391 1166 2461 lux
1187 2388 1373 2460 affulserit.
1404 2390 1477 2460 Ubi
1494 2405 1611 2462 textus
1629 2409 1848 2464 remanserat

238 2516 451 2613 depravatus
460 2514 561 2585 hunc
569 2512 762 2584 emendare
770 2512 890 2584 conati
899 2537 1038 2603 snmus,
1046 2529 1107 2584 aut
1123 2515 1283 2585 virorum
1292 2511 1848 2589 eruditorumemendationibus

239 2642 292 2710 nsi
311 2663 448 2709 sumus.

286 2768 463 2835 Caeterum
481 2760 526 2831 de
542 2758 693 2831 Antonii
712 2759 880 2853 Diogenis
896 2773 932 2828 et
945 2757 1137 2830 lamblichi
1153 2759 1362 2856 fragmentis
1386 2760 1462 2832 haec
1482 2775 1624 2831 tantum
1643 2763 1848 2852 monenda,

236 2889 400 2960 Latinam
416 2885 621 2957 versionem
640 2880 786 2953 anobis
806 2879 965 2953 additam
982 2906 1076 2972 esse,
1096 2884 1363 2980 nonnullasque
1385 2883 1658 2955 emendationes
1671 2909 1679 2953 :
1691 2887 1848 2958 P'assovii

236 3012 397 3085 editione
414 3011 468 3080 usi
496 3033 633 3079 sumus.

232 3134 234 3138 ’
287 3139 376 3222 Quae
393 3157 507 3230 quum
524 3132 674 3202 feliciter
685 3146 827 3227 peracta
842 3133 927 3220 sint,
938 3132 1144 3225 jucundum
1158 3136 1250 3205 mihi
1263 3150 1372 3206 restat
1387 3135 1549 3207 officium
1561 3152 1602 3207 ut
1615 3137 1760 3234 publice
1774 3161 1851 3232 gra-

238 3258 305 3328 tias
326 3278 427 3351 agam
449 3254 534 3322 viris
551 3254 823 3323 humanissimis
844 3250 1115 3349 eruditionique
1130 3257 1269 3349 egregie
1287 3256 1509 3346 laventibuS,
1528 3258 1685 3348 Cobeto,
1703 3258 1847 3343 Geelio,

237 3379 386 3461 Didoto‚
413 3375 659 3472 Tydemanno,
676 3374 776 3471 qnod
796 3375 841 3444 ad
861 3373 955 3444 hanc
967 3375 1187 3446 eroticorum
1207 3392 1243 3446 et
1259 3375 1305 3447 ad
1324 3377 1554 3474 Alciplrronis
1572 3379 1773 3454 editionem
1789 3407 1849 3455 or·
1925 3366 1929 3381 ⁸

239 3501 395 3574 nandam
416 3524 480 3570 sua
501 3496 665 3595 praesidia
682 3497 805 3569 critica
819 3496 995 3567 benevole
1010 3498 1118 3570 nobis
1133 3498 1377 3594 praebuerunt.

314 3634 356 3698 l).
385 3621 493 3719 Lugd.
522 3626 637 3692 Batav.
670 3646 711 3691 1ο
734 3646 781 3691 m.
809 3627 897 3717 Aug.
927 3618 1028 3693 1853.
1397 3628 1441 3696 G.
1468 3628 1509 3696 A.
1536 3630 1722 3699 Hirscmc.

985 3826 1105 3839 -ᾔ

630 3977 1034 4058 EMENDATIONES
1067 3979 1120 4056 IN
1148 3979 1463 4060 PARTHENIO.

616 4180 744 4259 (Ennio
764 4181 820 4241 Fa.
844 4182 1150 4255 Prssovrt,L1rs1ar.
1174 4185 1336 4262 Tannum,
1362 4183 1469 4263 tunt.)

400 4373 406 4398 ¹
428 4359 505 4414 Praet.
518 4359 623 4431 ἁρμόδια
636 4359 676 4412 διὰ
690 4362 721 4415 C.
927 4365 968 4427 15,
982 4367 1035 4427 τοῖς
1042 4385 1068 4419 τε
1077 4366 1120 4419 τὸν
1126 4365 1218 4437 ddpxov
1225 4386 1300 4438 προσ·
1476 4370 1520 4434 36,
1535 4368 1601 4423 Seat.
1613 4367 1647 4431 el<
1653 4369 1726 4423 τοῦτό
1732 4370 1758 4443 γ’
1767 4369 1856 4446 dptxd-

270 4460 297 4513 p.
314 4441 340 4506 3,
357 4440 374 4494 l.
390 4442 416 4506 8,
432 4439 462 4492 cb
474 4440 504 4493 dlv
515 4441 631 4513 μετέρχῃ.
1014 4447 1117 4516 ιεμένοις
1134 4444 1224 4498 Malim
1246 4448 1300 4507 τοῖς
1554 4464 1628 4517 psvov

392 4539 419 4590 9,
434 4519 573 4587 ἔνενοήθης.
1003 4540 1030 4576 τε
1045 4523 1075 4577 τὰ
1082 4524 1185 4593 Λύρκου,
1198 4524 1299 4595 objecto
1411 4528 1437 4585 6,
1496 4526 1521 4588 5,
1535 4522 1665 4595 ἀγομένοις
1675 4524 1774 4579 uelauit
1783 4531 1816 4585 C.

373 4603 418 4664 28,
434 4600 496 4654 κατὰ
506 4603 563 4653 νοῦν
574 4601 613 4653 ἄν.
1003 4595 1169 4665 προσιεμένοις
1181 4596 1216 4648 Η·
1496 4605 1522 4667 8,
1540 4602 1732 4664 ἀπαλλάξεσθαι.

374 4680 417 4744 32,
430 4681 592 4753 προετρέψατο
606 4682 640 4734 Η.
931 4683 973 4746 18,
988 4682 1049 4754 μετὰ
1059 4682 1085 4736 δὲ
1096 4685 1173 4736 ταῦτα
1184 4684 1219 4736 Η.
1479 4683 1522 4748 30,
1537 4682 1672 4744 θετταλοῖς
1685 4684 1721 4737 Η.

198 4814 202 4821 ,
436 4759 579 4826 velicardi.
928 4760 1283 4832 14,καὶΜελιγουνῐδαΒαοῑ.
1475 4763 1540 4833 Cap.
1562 4764 1611 4815 VI.
1634 4764 1718 4817 Inscr.

310 4841 337 4900 li,
394 4855 421 4906 7,
437 4837 583 4907 ἒδεδράκειν.
599 4840 653 4893 lC.
934 4843 979 4905 42,
992 4839 1078 4902 ἐξένιζε
1089 4840 1156 4893 Scal.
1547 4842 1664 4913 Διογένης
1674 4844 1745 4896 vass.

378 4916 565 4988 tollermen.
863 4916 888 4982 5,
944 4919 1230 4989 amputatione.
1367 4939 1394 4992 p.
1412 4926 1438 4983 6,
1479 4919 1771 4993 41,αότῆς8ρᾴκης.(ἶ.
1867 4947 1873 4955 ·

376 4999 418 5059 14,
433 4992 476 5061 ‘ll-
490 4999 534 5062 τῆς
544 4999 599 5066 γῆς.
930 5013 972 5067 19,
986 4997 1086 5068 φιλοφρ.
1102 4997 1289 5070 gindopsir-dien.
1414 5017 1440 5068 7,
1495 5001 1522 5064 3,
1538 4999 1598 5054 ἰέναι
1609 4998 1653 5066 τὴν
1663 5002 1748 5071 κόρην.

271 5168 330 5210 ·11·1ο
345 5166 456 5222 adscnpta
471 5168 538 5212 tcctto
548 5179 615 5224 cruam
630 5170 747 5216 ranovtus
760 5173 850 5216 neotus
859 5174 899 5224 est,
915 5169 1043 5217 emendatio
1056 5181 1125 5227 qnam
1143 5169 1267 5226 suitgerus
1284 5172 1360 5225 (scat.
1372 5172 1494 5225 tentetur,
1515 5172 1569 5226 (c.)
1579 5176 1617 5217 aut
1628 5172 1668 5229 tpsi
1685 5170 1743 5224 (tt)
1761 5168 1859 5220 lecimus

239 5228 327 5283 alitque,
339 5228 362 5270 to
374 5231 458 5272 textnrn
469 5235 557 5286 roenna
567 5233 610 5275 est.
