3890 5950
796 439 913 500 LIBER
934 440 971 499 Χ.

107 574 172 636 lt'.
196 571 331 633 Ἰθκόντων
354 560 399 630 οὐν
411 569 457 629 καί
480 561 565 645 οὗτοι,
580 576 626 630 τοῦ
640 570 778 631 Ὑδάσπου
792 570 850 651 φή-

68 686 168 733 σαντος,
189 665 312 740 παρῆσαν
334 658 381 718 καί
402 657 432 717 τὸ
451 658 563 737 γράμμα
585 658 748 738 ἐνεχείριζον.
793 659 846 718 Καί

68 750 201 820 ἀνειλήσας
214 747 337 828 διήρχετο
346 746 392 805 καὶ
405 737 438 817 ήν
451 745 559 807 τοιόνδε.
601 756 722 807 narrem
733 758 852 807 ullan-

69 850 182 898 θίὮΠΩί
196 849 251 897 ΚΜ
267 845 441 895 ΕΥΔΑΙΜΟΝΙ
463 848 517 895 Tsst
537 847 692 897 ΑΙθίΟΠΩΝ
715 848 850 897 ΥΔΑΣΠῘίί

47 937 313 985 ίΟΡΟΟΝΔΑΤΗΣΟ
332 935 479 983 ΜΕΓΑΛΟΥ
496 936 648 985 ΒΑΣΙΛΕὓΣ
670 937 847 985 ΣᾸΤΡΑΠΗΣ.

71 1015 101 1072 Εἰ
113 1017 189 1071 νικῶν
202 1012 273 1070 κατὰ
289 1010 336 1080 τὴν
350 1008 451 1088 μάχην,
464 1010 544 1068 πλέον
557 1011 650 1091 γνώμη
667 1011 789 1084 ἐνίκησας
805 1011 851 1069 καί

71 1123 111 1173 μοι
124 1098 287 1179 σατραπείαν
300 1098 363 1169 ὅλην
378 1099 444 1155 ἑκὼν
457 1099 665 1177 παρεχώρησας,
680 1102 728 1159 οὐκ
741 1099 772 1158 θν
787 1104 851 1157 θαυ-

71 1187 180 1261 μάσαιμι
196 1187 227 1245 τὸ
247 1185 341 1265 παρὸν,
360 1187 383 1243 εἰ
404 1186 531 1265 βραχεῖαν
553 1186 657 1258 αἴτησιν
679 1186 849 1253 ἐπινεύσεισς.

74 1275 141 1350 Κόρη
163 1299 202 1340 τις
225 1273 343 1351 ἀγομένη
360 1273 426 1352 πρός
441 1296 474 1350 με
496 1274 550 1332 άπδ
569 1279 615 1345 τῆς
636 1273 784 1354 Μέμφεως,
804 1279 851 1333 τοῦ

40 1385 59 1421 u·
72 1360 181 1441 πολέμου
201 1360 292 1439 γέγονε
314 1360 456 1441 πάρεργον.
499 1364 544 1420 καί
564 1362 604 1423 ότι
628 1364 798 1440 αἰχμάλωτος
823 1366 852 1421 ἐκ

71 1455 113 1508 τοῦ
132 1450 335 1529 προστάγματος
349 1450 385 1516 εἰς
412 1448 547 1508 Αἰθιοπίαν
570 1448 704 1530 ἐπέμφθη,
718 1451 781 1529 πρὸς
800 1453 851 1508 τῶν

72 1537 114 1594 σύν
128 1541 194 1617 αὐτῇ
209 1536 353 1616 γεγονότων
366 1535 411 1595 καί
426 1537 587 1615 διαδράντων
602 1536 644 1596 τδν
663 1540 722 1596 τότε
736 1539 851 1597 κίνδυνον

73 1625 210 1702 ἐπυθόμην.
254 1624 361 1697 Ταότην
377 1627 443 1681 αἰτῶ
454 1625 567 1697 λυθῆναί
581 1647 626 1701 μοι
638 1627 732 1705 δῶρον,
745 1624 850 1706 ἐφιέμε-

73 1734 110 1778 νος
123 1711 168 1789 μέν
182 1713 227 1773 καί
244 1712 320 1779 αὐτὸς
333 1717 379 1783 τῆς
391 1712 496 1783 παιδὸς,
506 1712 583 1771 πλέον
596 1713 623 1772 δέ
636 1717 804 1792 περιποιῆσαι
816 1717 853 1795 τῷ

41 1823 61 1859 rs
74 1802 147 1880 πατρί
160 1803 330 1880 βουλόμενος,
345 1799 447 1870 πολλὴν
462 1799 582 1871 άληθέντι
597 1806 645 1878 γῆν
662 1802 708 1860 καί
721 1800 789 1859 κατδι
804 1801 853 1871 ζή-

73 1909 145 1957 τησιν
162 1892 209 1959 τῆς
224 1887 351 1965 θυγατρὸς
367 1890 393 1945 ἐν
408 1887 582 1967 Ἐλεφαντίνῃ
601 1891 639 1968 τῷ
652 1888 766 1969 φρουρίῳ
786 1887 853 1946 κατδι

74 1973 113 2030 τὸν
126 1975 241 2051 πολεμον
255 1975 462 2055 καταληφθέντι,
476 1975 522 2033 καί
533 1976 718 2036 ἐπισκοποῦντί
730 2000 774 2052 μοι
787 1975 854 2051 μετά

74 2065 152 2118 ταῦτα
166 2061 226 2128 τούς
241 2061 466 2138 περισωζομένους
487 2062 589 2144 ὀφθέντι
611 2064 657 2121 καί
672 2067 854 2141 ἐκπεμφθῆναι

76 2147 133 2224 πρὸς
149 2147 178 2206 τθ
192 2148 240 2206 σὸν
261 2146 359 2226 ἥμερον
374 2148 525 2216 ἀξιώσαντι.
566 2145 659 2228 Ἔχεις
673 2151 762 2207 αὐτόθι
788 2148 855 2224 μετδ

43 2250 65 2287 tu
77 2237 122 2290 τῶν
137 2236 223 2294 άλλων
239 2235 375 2316 πρεσθέιον
394 2236 439 2295 τδν
457 2238 554 2316 ἄνδρα,
569 2237 657 2296 ίκανύν
672 2236 719 2313 μέν
733 2237 759 2305 ἐξ
780 2237 856 2308 ἤθους

77 2319 120 2389 τήν
134 2322 263 2399 εὐγένειαν
277 2325 409 2403 ἐμφῆναι,
425 2323 513 2382 ἱκανδν
528 2323 555 2383 δέ
570 2324 616 2383 καί
630 2324 752 2404 ἐξάψεως
771 2325 855 2383 δυσω·

78 2411 167 2478 πήσαι.
208 2408 346 2488 Χαίροντοί
360 2434 406 2487 μοι
426 2417 528 2482 τοῦτον,
548 2402 569 2470 όν
586 2416 710 2490 βασιλεῦ,
729 2412 855 2488 αντίπεμ·

78 2499 131 2574 ψον,
141 2499 244 2578 πατέρα
257 2498 295 2573 μή
309 2497 387 2573 μόνον
401 2500 591 2576 ὀνομαζόμενον
606 2499 674 2558 dlii
688 2499 734 2559 καί
748 2522 856 2580 γεγενη-

80 2585 160 2658 μένον.
201 2585 287 2648 Ταῦθ’
301 2589 336 2652 ὡς
358 2585 472 2662 ἀνέγνω,
491 2587 540 2653 Τίς
561 2581 606 2646 οὐν
625 2591 677 2645 τῶν
694 2586 858 2664 παρόντωνδ

46 2690 68 2725 τι
80 2670 123 2741 τήν
141 2672 271 2752 θυγατέρα
290 2674 421 2745 ἐπιζητῶν
440 2674 606 2754 ἐπηρώτησε.
650 2673 857 2743 Ὗποδειξάντων

81 2760 105 2817 δέ
119 2784 174 2820 τινα
193 2759 357 2841 πρεσθότην,
378 2751 419 2821 Ὦ
434 2761 506 2835 ξένε,
526 2762 591 2841 πρδς
602 2762 679 2823 αὐτὸν
700 2762 770 2843 ἔφη,
783 2760 859 2820 πάντ’

82 2849 206 2916 αἰτοῦντος
232 2848 406 2927 Ὀροονδάτου
428 2853 512 2907 ποιεῖν
535 2848 647 2926 έτοιμος.
691 2849 770 2910 ’Λλλθ
796 2848 859 2906 δέκα

81 2934 124 3006 μέν
146 2939 258 3015 ἀχθῆναι
279 2934 360 3011 μόνας
380 2935 566 3015 αἰχμαλώτους
588 2938 712 2996 ἐκελευσα
731 2934 858 3002 νεάνιδας.

81 3025 147 3089 llio<
159 3025 185 3082 δέ
198 3023 272 3093 τέως,
284 3022 324 3082 ὅτι
339 3022 376 3101 μή
391 3023 448 3083 ἐστι
460 3024 493 3096 σή
508 3024 633 3104 θυγάτηρ,
647 3023 860 3102 ἐπεγνωσμένης,

48 3124 71 3161 ιι
82 3108 123 3177 τίς
144 3113 225 3179 ἄλλας
248 3111 425 3182 ἐπισκόπησον
441 3113 486 3170 καί
506 3113 637 3192 γνωρίζων
652 3114 674 3170 τί
695 3111 779 3190 εὕροις
792 3110 860 3186 λάμ-

82 3196 150 3259 όανε.
184 3197 326 3280 Προκόψας
340 3201 423 3280 ἐφίλει
437 3200 496 3268 τούς
506 3201 587 3267 πόδας
598 3206 612 3259 δ
623 3201 777 3278 πρεσόύτης.
809 3198 861 3258 tici

83 3286 201 3363 ἀχθείσας
213 3287 261 3354 τδς
274 3287 352 3362 κόρας
365 3291 401 3355 ὡς
420 3289 570 3347 ἐπισκοπῶν
588 3289 635 3360 τήν
658 3286 861 3362 ἐπιζητουμένην

82 3375 128 3452 οὐχ
140 3375 269 3455 εὕρισκεν,
286 3364 358 3442 αὐθις
371 3375 544 3449 κατηφήσας,
560 3368 600 3436 Ὦ
616 3381 741 3455 βασιλεῦ,
755 3374 862 3453 οὐδεμία

82 3459 174 3520 τούτων
186 3462 269 3533 ἐστίν,
285 3460 369 3538 ἐλεγε.
411 3461 469 3535 Τήν
483 3464 602 3542 γνώμην,
620 3464 669 3545 ἐφη
684 3465 862 3535 δὙδάσπης,

50 3565 72 3603 ει
84 3545 126 3617 τήν
138 3548 203 3623 ἐμήν
218 3548 294 3629 ἔχεις.
337 3549 451 3630 Μέμφου
466 3550 493 3608 δέ
507 3550 556 3622 τήν
571 3550 663 3630 τόχην,
676 3555 698 3610 εἰ
709 3551 757 3623 τήν
772 3554 861 3622 ἐπιζη·

84 3636 204 3711 τουμένην
220 3639 271 3717 οὐχ
293 3637 429 3719 εὑρίσκεις.
472 3638 537 3699 Ὀτι
558 3639 608 3719 γδρ
633 3640 701 3711 άλλη
717 3639 779 3716 μήτ’
793 3641 862 3719 ἤχθη

85 3723 152 3802 παρδ
163 3724 274 3797 ταύτας,
289 3724 352 3801 μήτ’
366 3725 423 3784 ἐστὶ
444 3726 512 3784 κατά
530 3725 560 3784 εδ
582 3725 767 3806 στρατόπεδον,
782 3726 864 3795 ἔξεστι

86 3808 123 3867 σοὶ
136 3818 335 3890 περιακοποῧντι
349 3817 497 3884 πεισθῆναι.

124 3899 188 3961 nll'.
212 3898 346 3966 Ῥαπίσας
369 3889 412 3959 οὐν
431 3900 461 3959 τὸ
484 3899 605 3977 μέτωπον
625 3900 803 3980 δπρεσόότης
820 3902 865 3959 καί

1621 449 1680 500 too

903 643 914 654 ι
929 581 1035 630 xxxlt'.
1061 581 1182 630 Λοσαίαιιί
1205 579 1277 641 igitur
1299 579 1323 628 tri
1346 592 1457 642 quoque,
1479 580 1602 643 Hydaspes
1626 594 1683 630 τιιιι

897 681 1008 742 dixisset,
1023 681 1122 731 aderaut
1133 685 1157 731 et
1171 682 1250 730 literas
1267 681 1407 741 tradebant,
1426 695 1487 743 quos
1499 683 1608 733 evolutu
1624 684 1684 745 lego

897 780 946 830 bat.
970 782 1045 829 Erant
1056 782 1138 829 nutem
1150 780 1304 841 eiuscemodi.
1327 780 1451 830 clementi
1460 784 1487 830 ct
1498 781 1571 830 θεσίο
1582 782 1683 832 AEtlrlo·

895 895 959 946 pum
971 885 1027 944 περί
1040 882 1167 946 Hydaspi,
1183 882 1352 938 oroondutcs,
1367 886 1457 944 mupni
1470 886 1538 945 repis
1555 886 1682 946 satrapa.

897 984 959 1031 cum
979 982 1076 1032 vincens
1095 982 1194 1045 proelio,
1213 982 1287 1044 magis
1302 982 1377 1031 animi
1399 981 1538 1032 celsitudine
1559 983 1644 1032 rioeris
1658 985 1683 1032 et

897 1080 955 1129 milri
965 1080 1094 1143 satrapiam
1106 1082 1183 1130 totam
1194 1083 1237 1131 tue
1251 1082 1338 1143 sponte
1352 1081 1506 1141 concesseris,
1519 1080 1584 1130 ίιαοθ
1594 1081 1682 1130 mirum

897 1182 955 1231 milri
967 1183 992 1231 in
1006 1180 1132 1244 praesentio
1146 1178 1278 1240 ridebitur,
1289 1179 1310 1228 si
1321 1178 1408 1228 erilem
1421 1180 1561 1242 petitionem
1574 1192 1682 1242 compro·

897 1280 969 1329 barin
1003 1279 1085 1329 Puella
1107 1277 1218 1340 qumdsm
1241 1290 1298 1326 cunr
1320 1277 1426 1340 Memphi
1446 1244 1583 1341 duceretur,
1606 1280 1683 1329 obitur

898 1381 953 1430 belli
965 1381 1010 1431 tuit
1021 1379 1139 1443 appendix
1149 1382 1174 1430 ct
1183 1379 1248 1442 quod
1259 1379 1355 1442 captiva
1365 1380 1432 1440 iussu
1442 1382 1485 1430 tuo
1503 1382 1527 1430 io
1539 1381 1682 1444 AEtlriopiarn

897 1484 928 1532 eit
938 1482 1022 1542 missa,
1033 1497 1063 1532 επ
1076 1484 1112 1532 tris
1129 1483 1171 1544 qui
1184 1496 1233 1532 uns
1244 1497 1300 1533 eum
1311 1484 1362 1546 ipsa
1379 1482 1477 1532 luerunt
1490 1484 1515 1530 ct
1526 1483 1579 1530 tum
1592 1481 1683 1542 pericu·

898 1584 948 1633 lum
965 1582 1101 1644 effugerunt
1119 1582 1209 1633 uudiri.
1244 1585 1311 1633 lianc
1333 1595 1376 1631 oro
1394 1581 1452 1630 milri
1473 1580 1563 1630 dimitti
1581 1582 1685 1629 muneris

898 1683 967 1742 loco,
988 1695 1045 1730 cum
1055 1682 1129 1744 ipsius
1140 1680 1226 1744 puellm
1242 1694 1330 1742 causa,
1347 1682 1400 1730 tum
1412 1679 1532 1743 praecipue
1544 1680 1633 1742 patris,
1645 1681 1684 1729 cui

899 1784 964 1833 illam
975 1796 1072 1833 serrare
1088 1782 1176 1832 velim:
1187 1781 1229 1843 qui
1246 1780 1351 1831 multum
1361 1781 1432 1830 terrm
1444 1779 1576 1842 pererravit
1592 1783 1616 1829 εί
1626 1780 1685 1829 dnm

900 1886 972 1934 lilium
982 1885 1122 1948 inquireret,
1132 1882 1299 1945 ulepliuntms
1309 1883 1334 1933 iu
1342 1895 1407 1944 urce,
1416 1882 1462 1932 sub
1472 1882 1528 1933 belli
1540 1884 1635 1945 tempus
1645 1883 1686 1933 dc

899 1987 989 2045 tentus,
999 1999 1013 2034 a
1024 1998 1064 2035 me
1077 1984 1256 2046 contemplante
1267 1983 1315 2033 troc
1331 1986 1440 2046 tempore
1449 1983 1541 2045 eosqui
1557 1984 1686 2045 superfuis-

899 2086 953 2134 seut
972 2097 1002 2133 εκ
1021 2083 1105 2147 prmllo
1119 2086 1261 2146 conspectus
1277 2086 1356 2134 estet
1376 2087 1404 2133 ιιί
1422 2083 1560 2133 mitteretur
1573 2083 1603 2131 ed
1619 2087 1686 2132 tuam

901 2183 1053 2233 clementiam
1066 2184 1143 2245 petili.
1176 2182 1257 2233 llabca
1272 2182 1306 2233 ibi
1322 2195 1371 2231 uua
1380 2196 1437 2232 cum
1447 2183 1500 2232 eliis
1515 2181 1597 2243 legetis
1608 2182 1686 2229 sirum

903 2280 986 2342 talem,
996 2282 1024 2329 ιιί
1035 2280 1072 2329 rel
1083 2280 1139 2329 solis
1148 2280 1257 2328 moribus
1265 2279 1449 2341 generositatem
1465 2278 1587 2329 declarare
1596 2279 1669 2340 possit
1680 2294 1685 2324 :

901 2380 926 2427 ct
936 2378 1048 2441 dignum,
1061 2380 1089 2427 ut
1098 2378 1136 2427 rel
1147 2378 1216 2427 vultu
1227 2379 1323 2427 tantum
1333 2380 1357 2426 et
1369 2376 1428 2427 lacte
1437 2390 1452 2425 α
1461 2379 1485 2426 te
1498 2376 1562 2439 quod
1572 2377 1632 2439 petit
1644 2377 1686 2424 im-

902 2479 988 2539 petret.
1022 2478 1116 2526 bortum
1133 2475 1193 2524 milri
1205 2476 1278 2535 lrunc,
1294 2487 1370 2532 orer,
1387 2474 1492 2535 remitte,
1502 2474 1543 2536 qui
1561 2475 1627 2536 paler
1638 2486 1687 2522 non

902 2569 975 2618 modo
988 2569 1127 2619 nominetur
1145 2569 1187 2619 sed
1203 2568 1276 2618 etiam
1292 2567 1394 2618 exstitit.
1426 2569 1485 2617 llaec
1501 2569 1528 2616 ut
1544 2565 1600 2629 legit
1611 2582 1617 2615 :
1630 2568 1688 2625 Quis

903 2667 974 2728 igitur
988 2667 1025 2715 est
1038 2678 1069 2714 ex
1079 2664 1116 2714 liis
1127 2664 1169 2728 qui
1180 2663 1270 2713 adsunt
1284 2663 1325 2726 qui
1335 2662 1408 2712 tiliam
1418 2663 1532 2726 inquirit,
1550 2666 1687 2726 peronneto·

903 2765 942 2812 tus
953 2765 999 2810 est.
1031 2761 1062 2809 ltt
1072 2773 1128 2809 cum
1138 2757 1298 2809 ostendissent
1311 2757 1440 2820 quemdum
1449 2771 1530 2807 sonem
1542 2778 1548 2809 ε
1562 2762 1583 2808 0
1594 2758 1688 2820 hospes,

904 2856 933 2905 ad
946 2855 1014 2905 illum
1024 2854 1116 2916 inquit,
1130 2855 1210 2903 omnir
1225 2856 1321 2916 petente
1335 2853 1474 2905 Orooudate
1486 2853 1572 2903 lubens
1583 2855 1667 2904 nciam
1683 2874 1688 2901 :

904 2951 945 3000 sed
956 2951 1147 3001 decemtantum
1160 2950 1350 3001 adolescentulas
1358 2951 1465 3013 captivos
1474 2949 1529 2999 duci
1543 2951 1610 3012 jussi.
1626 2954 1689 3001 cum

906 3059 962 3095 rere
980 3059 1053 3095 uurrn
1067 3045 1143 3096 tiliam
1159 3049 1227 3096 tuom
1246 3060 1294 3097 non
1312 3061 1364 3097 esse
1382 3045 1504 3109 cognitum
1520 3046 1564 3108 sit,
1586 3045 1690 3108 reliquus

906 3141 1069 3203 contemplare
1080 3143 1133 3192 etsi
1148 3143 1254 3204 agnitam
1271 3143 1390 3192 inveneris
1400 3142 1495 3204 accipe.
1529 3143 1692 3192 Procumbens

906 3252 979 3287 senex
989 3238 1143 3287 emulabatur
1157 3239 1229 3301 pedes
1245 3240 1269 3289 et
1282 3252 1339 3288 cum
1351 3238 1468 3289 adductos
1479 3241 1571 3302 puellas
1583 3243 1688 3291 contem·

906 3334 987 3396 pinus,
1000 3347 1053 3383 earu
1065 3347 1138 3397 quem
1151 3334 1288 3396 inquirebat
1299 3348 1347 3384 non
1360 3333 1503 3394 invenissem
1514 3349 1598 3386 rursus
1608 3337 1691 3395 tristis,

907 3430 978 3482 Nullo
989 3442 1020 3479 en
1039 3430 1075 3479 tris
1090 3432 1142 3490 est,
1158 3444 1218 3492 rer,
1233 3429 1337 3481 dimbrt.
1370 3430 1483 3480 Studium
1500 3444 1598 3491 mcum,
1616 3432 1693 3495 inquit

909 3526 1043 3589 llpdnspes,
1052 3526 1160 3587 agnoscis
1172 3526 1215 3575 tibi
1226 3540 1274 3575 non
1287 3527 1377 3577 deesse.
1410 3529 1542 3576 Fortunam
1557 3530 1638 3577 autem
1656 3541 1693 3577 ac-

908 3637 974 3682 cuso,
984 3623 1004 3673 si
1016 3636 1070 3673 enm
1081 3637 1154 3689 quam
1166 3624 1267 3689 inquiris
1278 3638 1327 3675 uon
1338 3624 1440 3675 invenis.
1471 3626 1533 3675 Nam
1543 3620 1607 3688 quod
1617 3639 1694 3686 nequo

909 3722 955 3771 alia
966 3720 1033 3770 veuit
1048 3722 1136 3785 prmter
1149 3721 1207 3781 hes,
1226 3735 1305 3785 neque
1317 3720 1365 3771 ullo
1384 3723 1420 3771 est
1434 3721 1459 3769 in
1476 3720 1561 3770 castris
1577 3720 1695 3782 amplius,

909 3815 1093 3878 circumspicere
1103 3814 1147 3864 tibi
1162 3814 1230 3871 licet,
1240 3818 1268 3864 ut
1282 3815 1328 3865 boc
1338 3827 1478 3879 persuasum
1491 3814 1535 3863 tibi
1545 3812 1586 3861 sit.

940 3910 1040 3958 xxxv.
1054 3910 1117 3958 Cum
1138 3907 1238 3958 leriissel
1252 3909 1355 3958 frontem
1372 3920 1444 3956 senex
1458 3908 1483 3955 et
1497 3902 1694 3961 collscrlnmssst,

52 4002 74 4037 ιο
87 3982 272 4063 ἐπιδακρύσας,
293 3985 438 4053 οἰνανεύσας
457 4009 487 4045 τε
505 3985 551 4045 καί
568 3990 715 4068 περιαθρῶν
728 3991 756 4047 ἐν
776 3987 866 4067 κύκλῳ
910 4003 995 4052 [eciem
1010 4002 1122 4052 attollens
1132 4004 1157 4051 et
1172 4001 1350 4052 multitudinem
1361 4001 1385 4049 in
1399 3999 1481 4048 orbern
1493 3995 1694 4057 circumspiciens,
1729 4026 1733 4035 ·

88 4067 114 4125 τὸ
127 4073 238 4145 πλῆθος,
256 4074 347 4153 ἀθρόον
362 4071 451 4154 ὥσπερ
473 4097 512 4141 τις
530 4074 650 4151 ἐμμανής
664 4073 806 4154 ἐξέδραμε,
820 4075 866 4133 καί

86 4156 134 4223 τοῖς
148 4162 245 4236 βωμοῖς
264 4159 425 4240 προσελθών,
441 4166 487 4219 τοῦ
499 4185 527 4220 τε
549 4162 688 4240 τριθωνίου
704 4164 798 4239 (τοῦτο
815 4162 866 4241 γάρ

88 4242 173 4323 ἔτυχεν
188 4249 373 4327 ἀμπεχόμενος
384 4252 394 4328 )
406 4250 436 4307 τὸ
448 4249 595 4329 κράσπεδον
608 4252 643 4316 εἰς
656 4250 751 4330 βρόχον
768 4272 867 4329 περιει-

89 4328 166 4398 λήσας
176 4378 185 4409 ,
197 4334 334 4394 ἐπιόάλλει
346 4340 384 4412 τῷ
399 4337 491 4417 αὐχένι
502 4343 547 4397 τοῦ
559 4336 706 4415 Θεαγένους
716 4338 761 4396 καί
772 4327 867 4410 εἶλίῑῑίν

89 4605 155 4654 σπᾶν
170 4599 339 4677 βιαζομένων,
354 4600 432 4681 οἰττρίξ
446 4601 570 4681 ἐχόμενος
581 4601 626 4660 καί
637 4600 712 4659 οἰονιλ
731 4624 867 4681 συμπεφυ·

911 4098 1008 4157 repente
1019 4098 1134 4159 tanquam
1147 4096 1251 4145 furiosus
1264 4094 1390 4145 cucurrit:
1405 4104 1508 4154 cumque
1518 4088 1653 4139 accessisset
1664 4089 1694 4136 ad

911 4204 965 4239 oras
982 4194 1007 4239 et
1020 4190 1085 4252 pallii
1101 4189 1165 4249 (lroc
1182 4190 1246 4238 enim
1262 4190 1323 4238 torte
1343 4188 1442 4237 indutus
1459 4186 1528 4246 eret)
1546 4197 1613 4248 orpm
1627 4184 1696 4233 restis

911 4284 986 4333 instar
1002 4285 1170 4344 contorsisset,
1190 4283 1266 4344 injicit
1287 4284 1351 4333 collo
1369 4280 1514 4343 llreoqenls,
1531 4282 1556 4330 ct
1571 4279 1695 4338 trrlrebet,

92 4416 129 4438 „rr
291 4428 308 4442 „
357 4421 393 4447 ,,,
508 4416 525 4447 .,
676 4435 686 4446 ,
743 4426 751 4446 ,
858 4427 863 4446 ,
912 4376 1021 4435 clemens
1034 4376 1068 4427 ite
1086 4379 1112 4427 ut
1123 4375 1233 4427 exaudiri
1251 4378 1339 4438 posset,
1356 4378 1483 4435 leterico,
1498 4388 1513 4423 o
1527 4373 1695 4429 conscelerate.

54 4436 75 4474 tu
88 4441 235 4486 εςακουαπον
257 4429 336 4504 βοων,
372 4428 436 4504 Ιίχω
456 4450 485 4484 σε
505 4453 527 4486 ω
547 4429 700 4504 παλαμναιε
720 4429 803 4504 λεγων
823 4451 868 4485 και

89 4509 212 4590 ἀλιτήριε.
253 4513 309 4574 Καί
325 4516 377 4572 τῶν
402 4513 581 4595 φρουρούντων
598 4515 716 4593 ἀντέχειν
735 4515 780 4573 καί
801 4518 869 4574 αἰπο-

912 4469 1010 4530 θίοιοε,
1033 4474 1058 4520 et
1076 4468 1229 4520 exsecrande.
1264 4472 1376 4531 cumque
1396 4466 1508 4517 custodes
1532 4466 1641 4517 resistere
1671 4473 1695 4517 et

912 4562 1015 4612 avellere
1026 4565 1170 4621 niterentur,
1183 4562 1282 4611 sinniier
1301 4563 1393 4611 inurens
1409 4562 1434 4611 et
1444 4563 1558 4624 tanquam
1578 4559 1602 4609 io
1620 4574 1696 4610 unum

793 4688 798 4706 .
835 4692 852 4706 κ
913 4668 1000 4719 corpus
1017 4669 1072 4705 cum
1091 4656 1131 4705 illo
1146 4654 1287 4713 coaluisset,
1311 4660 1339 4703 ut
1356 4668 1412 4704 eum
1429 4654 1527 4705 duceret
1550 4656 1574 4704 in
1599 4669 1696 4718 conspe-

90 4679 153 4753 κὼς,
171 4689 326 4765 οἰγαγεῖνεῖτ
345 4688 375 4747 τὸ
398 4688 538 4767 πρόσωπον
552 4694 596 4748 τοῦ
610 4687 745 4748 Ὑδάσπου
758 4712 803 4745 και
818 4712 869 4746 των
1361 4748 1367 4759 ⁶
1404 4749 1409 4758 ι
1653 4750 1658 4761 Ι

768 4765 869 4840 ,χτοςὸ
913 4752 980 4800 ctum
1002 4749 1121 4813 llydospis
1143 4752 1169 4798 et
1189 4749 1296 4809 concrlu,
1317 4750 1430 4798 obtinuit.
1466 4751 1494 4798 et
1517 4752 1612 4810 Ores,
1634 4749 1697 4799 dice.

90 4771 224 4848 συνέδρων,
238 4773 369 4846 ἐξενίκησε
388 4775 434 4833 καί
446 4767 485 4835 Ὦ
503 4779 629 4853 βασιλεῦ,
649 4775 746 4854 έλτγεν,

57 4875 81 4912 Μ’
92 4852 136 4925 *ἦν
157 4860 223 4935 ἐμὴν
238 4861 367 4942 θυγατέρα
392 4863 595 4940 συλαγωγήσας·
611 4855 684 4931 αὐτός
702 4865 771 4922 ἐστιν
788 4867 802 4922 δ
821 4861 869 4934 τήν

914 4845 968 4907 bat,
982 4845 1021 4894 iric
1036 4846 1072 4893 est
1083 4843 1124 4906 qul
1135 4855 1213 4892 meam
1230 4842 1303 4892 liliam
1319 4846 1434 4904 tunquam
1453 4842 1572 4905 prredalor
1584 4843 1642 4893 milri
1652 4846 1698 4895 eri·
1738 4894 1741 4903 ,

91 4943 171 5002 οἰκία,
188 4950 222 5013 ,ῖς
244 4950 369 5008 (μωρία,
392 4952 532 5027 rmum<
546 4951 591 5010 mi
605 4955 634 5012 ἐκ
653 4951 740 5028 μχσω,
762 4954 812 5011 τῶ,
825 4956 870 5010 ,ογ
915 4940 975 5003 puit,
995 4940 1034 4990 liic
1045 4944 1089 4999 est,
1104 4941 1145 5002 qui
1160 4938 1260 4987 domurn
1271 4937 1402 4988 solitariam
1413 4941 1437 4990 ct
1452 4939 1533 4991 liberis
1546 4940 1629 4990 orbam
1645 4943 1696 4992 red·

93 5029 187 5092 Πυθίου
203 5041 299 5113 βωμῶν
313 5037 361 5109 τὴν
377 5040 443 5116 ἐμὴν
457 5040 544 5120 ψυχὴν
557 5041 711 5120 ἀναρπάσας
722 5039 767 5099 καί
780 5045 824 5098 νη,
836 5043 870 5106 ὡς
914 5035 975 5083 didit
992 5037 1056 5084 etex
1073 5033 1156 5084 modiis
1165 5031 1278 5095 Apollinis
1286 5032 1334 5081 aris
1344 5033 1449 5081 animam
1466 5045 1546 5083 mcum
1565 5037 1659 5097 rapuit,
1670 5050 1699 5085 ac

94 5118 183 5196 εὐαγής
196 5133 248 5190 τοῖς
261 5128 312 5183 τῶν
327 5129 392 5184 θεῶν
408 5129 506 5205 βωμοῖς
518 5128 742 5208 προσκαθήμενος.
785 5128 870 5188 Ἐσεί·

95 5210 189 5279 θθησαν
204 5212 265 5290 πρὸς
277 5214 310 5270 τδι
323 5213 463 5292 γιγνόμενα
479 5215 643 5294 σύμπαντες,
654 5215 686 5273 τὰ
702 5217 749 5293 μὲν
765 5216 869 5298 βήματα

915 5143 979 5178 nuuc
989 5131 1104 5190 tanquam
1116 5130 1170 5190 pius
1181 5126 1267 5189 uliquis
1276 5127 1376 5176 deoruru
1389 5130 1439 5176 oris
1448 5128 1543 5178 amidet.
1577 5132 1698 5179 coruruutr

915 5225 971 5274 suut
989 5235 1072 5271 ournes
1089 5223 1119 5272 ud
1131 5237 1158 5273 en
1171 5236 1227 5284 qum
1246 5219 1346 5283 debant,
1364 5221 1436 5271 turbu
1451 5223 1550 5285 quidem
1564 5222 1604 5286 qui
1618 5238 1646 5273 eu
1662 5224 1698 5271 in·
