3930 5954
757 429 872 489 utnon
895 428 963 488 vn.
1612 442 1667 494 ,09

47 579 194 657 ἀνῃρῆσθαι
205 572 292 630 δοκῶν
309 566 356 638 τὴν
375 571 486 643 γυναῖκα
497 606 507 638 ,
520 565 565 632 ζῆν
584 560 672 620 οὐκέτι
686 558 770 631 θελει,
792 559 838 618 καλ

49 668 92 725 aa
102 670 181 723 τοῦτο
197 662 293 718 ἐαυτοῦ
310 655 387 735 ρόνον
408 649 600 730 κατεψεύσατο.
642 647 708 709 Ὅτι
723 646 770 723 μὲν
787 646 838 725 γάρ

886 570 908 616 ts
921 566 993 628 igitur
1006 565 1109 627 pnettem
1121 562 1250 615 decessisse
1262 567 1336 626 ratus,
1350 566 1431 617 rivere
1440 570 1543 632 amptius
1555 571 1617 621 vctie
1628 586 1669 621 nc·

887 648 928 705 gut
939 660 944 691 :
957 657 1031 705 seque
1043 642 1131 691 idcirco
1144 643 1218 691 raedis
1229 656 1297 692 reum
1313 644 1452 694 ementitur.
1485 646 1534 696 Sibi
1550 652 1631 697 antem
1645 651 1670 699 in

51 755 172 827 ἐπιθυμεῖ
186 745 317 819 θανάτου,
333 742 379 801 καλ
400 738 476 805 αύτός
490 735 662 814 ὡμολόγησε,
676 735 722 793 καί
734 735 775 792 ὅτι
796 732 839 792 διά
886 723 969 772 ⁰⁰5m⁰
982 735 1033 771 ‘⁸⁸⁰
1044 736 1058 771 θ
1070 722 1120 770 '5¹⁸
1132 722 1248 783 miiiim,
1259 722 1361 784 ίθθθῐθθέ
1374 723 1450 773 s³⁸⁵i¹⁸
1464 728 1521 775 0⁸⁸²
1536 739 1567 775 ὅθ
1579 728 1674 790 immi·

50 840 136 910 λύπην
146 836 197 907 τὴν
212 833 258 891 ἐπὶ
268 829 380 909 γυναικί,
422 831 552 888 Σκοπεῑτι
565 826 587 882 δ’
600 823 624 880 τί
635 846 673 889 τις
685 821 841 886 ἀποκτείνας

27 946 39 981 s
53 926 110 985 τινά
124 926 242 999 ἀληθῶς,
255 916 429 977 ἐπαποθανεῖν
444 916 515 993 αὐτῷ
529 913 598 970 θέλει
617 910 663 968 καί
677 914 722 981 ζῆν
736 910 768 968 δι’
783 909 843 967 ὀδύ-

57 1038 102 1085 νην
117 1016 146 1072 οὗ
165 1010 248 1090 φέρει.
291 1005 339 1073 Τίς
350 1004 418 1064 οὕτω
438 1000 606 1081 φιλόστοργος
620 997 722 1077 φονεύς
737 994 754 1067 ἢ
769 1005 842 1054 ποῖον

54 1100 128 1177 μῖσός
141 1101 214 1156 ἐστιν
229 1092 299 1152 οὓτω
316 1090 484 1173 ριλούμενον;
496 1084 563 1159 Μὴ,
578 1085 642 1164 πρὸς
656 1089 730 1157 θεῶν,
748 1081 785 1160 μὴ
800 1106 845 1139 πι·

53 1188 197 1262 ατεύσητε,
219 1181 281 1260 μηδ’
297 1177 466 1248 ἀποκτείνητε
488 1175 623 1252 ἄνθρωπον
648 1174 721 1230 ἐλέου
745 1172 844 1247 μᾶλλον

54 1276 71 1347 i,
86 1273 219 1353 τιμωρίας
233 1269 367 1344 δεόμενον.
413 1267 446 1324 1ἰέ
460 1263 484 1321 δ’
499 1260 577 1328 αὐτὸς
595 1259 795 1333 ἐπεθούλευσεν,
811 1262 846 1323 ῶς

19 1383 42 1416 ¹⁰
54 1366 142 1443 λέγει,
163 1360 210 1418 τὸν
231 1357 317 1436 ρόνον,
340 1352 441 1411 εἰπάτω
460 1349 500 1417 τίς
519 1351 616 1408 ἐστινὸ
638 1343 845 1424 μεμισθωμένος,

55 1451 166 1518 δειξάτω
186 1445 237 1517 τὴν
260 1440 439 1522 ἀνῃρημένην.
481 1439 513 1497 Εἰ
532 1435 560 1494 δέ
579 1435 670 1511 μήθ’ίι
692 1431 846 1496 ἀποκτείνας

55 1540 129 1614 ἐστὶ,
144 1534 241 1613 μήθ’ἡ
258 1528 424 1607 ἀνῃρημένη,
438 1525 476 1592 τίς
493 1525 590 1596 ἤκουσε
603 1521 711 1580 πώποτε
731 1526 846 1580 τοιοῦτον

56 1628 150 1707 μόνοη
164 1621 275 1700 Ἥρων,
291 1615 367 1698 φησί,
381 1614 528 1684 Μελίσσης·
542 1611 586 1670 tri
599 1616 676 1669 τοῦτο
690 1608 847 1679 Λευκίππην

57 1713 215 1774 ἀπέκτεινα.
261 1709 324 1771 Πῶς
337 1697 382 1763 οὖν
397 1702 528 1772 Μελίττης
546 1699 623 1780 μόνον
638 1699 796 1776 κατηγορεῖ,
815 1686 848 1766 ἧς

21 1821 43 1855 ¹⁵
57 1804 121 1883 ἤρα,
135 1798 180 1858 διά
193 1792 352 1865 Λευκίππην
366 1790 390 1850 δ’
406 1792 544 1848 ἀποθανεῖν
564 1785 647 1846 ἐθέλει
660 1790 716 1857 νῦν,
729 1785 762 1855 ἣν
783 1781 847 1841 ἀπέ·

59 1911 177 1959 κτεινενς
192 1884 272 1946 Οὕτω
286 1881 338 1962 γάρ
353 1880 385 1938 ἄν
406 1901 446 1945 τις
464 1875 510 1935 καί
524 1874 614 1951 μεσοίη
635 1872 665 1931 τὸ
686 1870 848 1953 φιλούμενον,

59 1977 105 2036 καὶ
117 1975 207 2057 ριλοίη
221 1971 252 2031 τό
266 1968 439 2047 μισούμενον;
450 1956 508 2044 Ἆρ’
523 1953 567 2021 σύν
579 1964 608 2022 οὐ
622 1959 689 2020 πολὺ
703 1961 802 2036 μᾶλλον
817 1959 850 2016 ἀν

60 2067 105 2124 καὶ
128 2060 300 2140 ἐλεγχόμενος
316 2055 450 2137 ἠρνήσατο
468 2053 513 2111 τὸν
535 2051 622 2131 μόνον,
643 2046 687 2106 ἵνα
711 2046 757 2106 καλ
776 2045 849 2125 σῶσῃ

59 2154 108 2224 τὴν
129 2148 273 2230 ἐρωμένην,
293 2146 339 2203 καὶ
358 2143 423 2221 θπέρ
445 2145 491 2211 τῆς
512 2137 680 2218 ἀνῃρημένης
701 2135 738 2213 μὴ
764 2136 850 2211 μάτην

22 2260 46 2295 ευ
61 2238 200 2315 ἀποθάνῃ
215 2235 266 2296 Διά
277 2232 305 2292 τί
316 2223 361 2291 oia
374 2229 505 2299 Μελίσσης
521 2226 715 2305 κατηγόρησεν,
730 2225 751 2281 εἰ
766 2222 849 2299 μηδὲν

61 2330 132 2404 αὐτῇ
149 2329 252 2383 τοιοῦτο
264 2319 436 2396 πέπρακται;
451 2315 525 2393 Ἐγὼ
543 2314 588 2372 καλ
606 2317 683 2372 τοῦτο
696 2309 760 2392 πρός
783 2313 851 2387 ὑμᾶς

63 2416 131 2493 ἐρῶ,
144 2412 190 2468 καί
206 2406 272 2487 πρὸς
286 2409 338 2464 τῶν
353 2408 429 2480 θεῶν,
447 2403 486 2480 μέ,
500 2399 679 2479 με·νομίσητε
700 2396 851 2457 trecitini

64 2502 173 2560 θέλοντα
193 2497 243 2565 τλν
262 2501 373 2572 γυναῖκα
390 2492 553 2562 ποιήσασθαι
573 2487 617 2546 τὸν
638 2487 725 2564 λόγον,
741 2485 799 2544 ἀλλ’
817 2488 852 2552 ὡς

62 2590 95 2647 τό
104 2597 158 2646 πᾶν
174 2583 288 2660 ἐγένετο.
333 2579 451 2650 Μελίττη
464 2575 513 2652 μέν
525 2573 661 2634 ἐπεπόνθει
675 2597 700 2631 τι
717 2574 781 2652 πρὸς
791 2578 850 2632 τοῦ·

24 2693 48 2728 ²³
62 2700 109 2735 τον
125 2671 250 2752 ἐρωτικόν
272 2666 318 2728 καί
340 2665 401 2746 περί
421 2669 466 2725 τοῦ
486 2663 574 2742 γάμου
595 2660 737 2732 διείλεκτο,
761 2660 852 2741 πρίνδ

64 2763 201 2827 θαλάττιος
215 2750 288 2823 οὗτος
303 2755 399 2813 toedio
420 2753 518 2833 νεκρός.
562 2748 597 2810 ‘0
619 2750 643 2808 δ’
658 2752 704 2808 οὐκ
725 2738 796 2827 εἶχεν
808 2747 852 2807 οὔ·

63 2876 135 2924 τως,
149 2846 220 2907 ἀλλά
232 2847 277 2904 καί
292 2844 360 2901 πάνυ
373 2839 517 2921 ἐρρωμένος
528 2838 571 2897 τὸν
582 2838 666 2916 γάμον
680 2835 850 2917 ἀπεκρούετο,

65 2940 117 2998 κάν
126 2935 214 3014 τούτῳ
224 2931 273 3003 τὴν
284 2928 415 3011 ἐρωμένην
432 2925 522 3007 εὑρὼν,
537 2928 571 2992 ὡς
583 2925 642 3006 ἔφη,
656 2922 730 3004 παρὰ
742 2926 779 3003 τῷ
793 2925 854 2982 Σω-

68 3026 154 3085 σθένιι
169 3025 268 3092 ζῶσαν,
285 3018 317 3090 ἣν
333 3018 399 3099 ᾤετο
409 3014 514 3095 νεκρὰν,
530 3012 597 3072 πολὺ
608 3013 710 3088 μᾶλλον
722 3012 786 3091 πρὸς
806 3009 854 3080 τὴν

25 3130 50 3165 ³⁰
65 3113 205 3183 Μελίετην
224 3098 295 3187 εἶχεν
317 3103 532 3184 ἀλλοτριώτερον.
574 3099 609 3160 Ἠ
630 3099 658 3157 δέ
680 3097 741 3177 πρὶν
762 3101 854 3173 μαθεῖν

65 3200 201 3283 ἐρωμένην
213 3187 294 3255 οὖσαν
309 3195 381 3272 αὐτῷ
392 3192 440 3264 την
454 3188 528 3270 τιαρά
542 3190 580 3269 τῷ
597 3185 743 3258 metiore,
756 3184 855 3257 ταύτην

66 3285 165 3360 ἡλίησέ
177 3307 207 3342 τε
218 3281 264 3341 καλ
278 3280 354 3340 ἐλυσε
368 3282 421 3337 τῶν
434 3279 548 3354 δεσμῶν,
559 3265 598 3341 οἷς
619 3266 652 3347 ἦν
668 3273 718 3332 ίιπδ
729 3278 775 3331 τοῦ
794 3275 855 3333 Σω-

67 3376 173 3440 σθένους
184 3371 322 3446 δεδεμένη,
337 3368 383 3427 καί
403 3369 439 3433 είς
452 3365 500 3436 την
514 3365 598 3422 οἰκίαν
610 3364 633 3420 τ’
646 3360 791 3430 εἰσεδέξατο
810 3361 855 3420 καλ

66 3463 155 3521 τᾶλλα
172 3462 209 3525 ὥς
230 3456 295 3537 πρὸς
319 3452 455 3534 ἐλευθέραν
477 3448 682 3530 δυστυχήσασαν
705 3448 856 3529 ἐριλυτιμή·

27 3570 54 3604 τε
68 3572 145 3609 αατο.
188 3544 302 3615 Ἐπειδὴ
321 3545 342 3602 δ’
356 3543 463 3619 ἔμαθεν,
481 3539 599 3619 ἐπεμψεν
624 3539 659 3602 εἰς
681 3536 741 3603 τοὺς
761 3536 856 3617 ἀγροὺς

69 3632 296 3714 διακονησομένην
317 3635 398 3711 αὐτῇ·
411 3632 456 3689 καὶ
477 3625 546 3705 μετά
565 3625 650 3685 ταῦτά
669 3647 747 3706 ρασιν
768 3626 856 3706 ἀφανῆ

69 3725 216 3805 γεγονέναι.
258 3722 313 3783 Ιίαλ
331 3718 371 3779 ὅτι
388 3717 461 3777 ταῦτ’
478 3719 507 3776 uir
528 3714 675 3796 ψεύδομαι,
698 3717 715 3784 ἡ
736 3712 856 3784 Μελίττη

69 3810 281 3890 συνομολυρτίσει
301 3807 347 3866 καί
369 3806 526 3886 θεράπαιναι
553 3802 615 3878 δύο,
640 3800 696 3878 μεθ’
719 3791 755 3859 ῶν
776 3801 857 3872 αὐτην

71 3904 117 3961 ἐπί
132 3900 194 3967 τὼς
215 3894 308 3976 ἀγρούς
329 3893 484 3974 ἐξέπεμιίεν.
525 3888 577 3951 Ἓν
590 3885 638 3964 μέν
658 3886 690 3957 δὴ
706 3893 783 3946 τοῦτο
795 3887 859 3967 πρὸς

29 4025 56 4058 ε..
71 3993 197 4050 ὑπόνοιαν
213 3987 298 4064 ἤγαγε
319 3989 419 4054 τοῦτον,
442 3979 479 4056 μὴ
502 3978 553 4058 ἀρα
574 3975 722 4058 φονεύσασα
745 3974 786 4046 ete
810 3975 858 4047 τὴν

70 4078 233 4147 Λευκίππην
252 4071 296 4132 ed
314 4071 474 4142 ζηλοτυπίαν
489 4066 572 4138 sitq·
594 4066 680 4143 ἕτερον
694 4064 722 4122 δέ
741 4087 767 4122 τι
787 4063 859 4140 αὐτῷ

70 4167 138 4249 πρὸς
157 4165 206 4237 τὴν
226 4166 273 4233 τῆς
292 4159 414 4224 ὑπονοίας
433 4155 574 4236 βεθαίωσιν
595 4156 622 4213 ἐν
635 4154 674 4232 τῷ
688 4147 859 4228 δεσμωτηρίῳ

71 4252 181 4333 συμόάν
196 4251 243 4311 καὶ
265 4251 324 4308 καθ’
338 4250 417 4305 αυτοῦ
437 4244 482 4303 καλ
494 4240 563 4303 κατά
583 4244 629 4311 τῆς
642 4237 775 4309 mittem<
784 4234 859 4307 ἐξή-

72 4338 175 4425 γρίανε.
223 4340 286 4400 Τῶν
309 4336 450 4413 δεσμωτῶν
473 4354 511 4397 τις
529 4326 680 4405 ὀδυρόμενος
702 4328 794 4384 ἐαυτοῦ
813 4321 860 4392 την

28 4459 57 4494 ιτ.
73 4428 232 4510 συμφορὰν,
256 4425 343 4501 ἐλεγεν
368 4425 395 4481 ἐν
417 4420 469 4500 ὁδῷ
489 4441 539 4476 τινι
564 4412 779 4487 κεκοινωνηκέναι
803 4408 861 4470 κατ’

73 4512 278 4595 ἄγνοιανάνδρί
298 4518 385 4592 ρονεῑ·
410 4503 562 4587 δεδρακέναι
584 4504 607 4562 δ’
627 4498 862 4578 ἐκεῖνονγυναικδς

74 4607 154 4687 μόνον
172 4597 392 4680 impacatissimi
412 4594 527 4672 τοῦνομα
549 4591 638 4668 tices·
659 4588 793 4660 Μελίττην
815 4587 862 4664 μέν

74 4685 144 4754 εἶναι
162 4692 211 4763 την
226 4684 439 4766 μισθωσαμένην,
453 4679 608 4750 Λευκίππην
626 4676 653 4736 δέ
665 4676 712 4748 τὴν
729 4674 864 4756 ἀνῃρημέ-

73 4807 136 4856 νην.
179 4782 215 4842 lit
229 4778 258 4837 ei
269 4782 353 4836 ταῦτα
363 4774 468 4852 γέγονεν
488 4768 584 4839 οὕτως,
593 4764 646 4844 ἐγὼ
658 4764 706 4840 μέν
720 4766 767 4824 οὐκ
787 4754 863 4836 οἶδα,

33 4895 63 4930 ευ
76 4871 172 4949 μαθεῖν
184 4869 207 4927 δ’
221 4870 283 4943 ίιμῑν
298 4863 410 4932 ἐξέσται.
452 4858 553 4936 Ἔχετε
571 4853 614 4913 τόν
630 4850 778 4928 δεδεμένον
800 4851 865 4910 είσίν

76 4962 108 5019 ei
120 4958 295 5038 θεράπαιναι·
310 4950 380 5010 ἐστιν
396 4944 570 5015 θΣωσθένης.
611 4940 647 5001 Ὁ
661 4938 709 5017 μὲν
724 4940 792 5021 ἐρεῖ,
813 4938 872 4997 πό..

77 5054 121 5105 θεν
139 5047 204 5124 ἐσχι
216 5040 264 5112 τὴν
282 5035 438 5109 Λευκίππην
457 5033 566 5104 δούλην·
580 5033 608 5089 et
623 5028 740 5103 δέ,,πῶς
761 5025 865 5107 γέγονεν

78 5132 195 5215 ἀγαυός·
208 5133 224 5188 δ
238 5124 338 5206 δέπερί
349 5128 395 5183 τοῦ
410 5125 541 5199 μισθωτοῦ
560 5116 760 5197 καταγορεύσει.
799 5114 866 5194 Πρὶν

78 5220 107 5280 δὲ
131 5221 235 5299 μάθητε
256 5214 355 5273 τούτων
377 5211 486 5270 ἕκαστον
509 5205 564 5267 eii*
583 5205 663 5276 θοιαν,
685 5201 738 5262 οὔτ’
763 5199 867 5267 εύσεθίς

887 807 994 856 mumob
1003 819 1132 855 moerorcm
1143 819 1171 853 ex
1185 805 1292 854 mulieris
1301 805 1427 854 amissione
1437 808 1590 868 conceptum.
1623 809 1674 856 Vos

888 902 944 937 vero
956 888 1028 937 etiam
1044 891 1117 949 etque
1128 888 1201 936 etiem
1211 889 1331 949 cogitate,
1343 900 1402 937 num
1414 889 1541 938 verisimile
1553 889 1621 940 vobis
1633 891 1671 940 ri·

889 971 983 1049 dentur,
992 984 1062 1031 eum,
1072 972 1114 1033 qni
1125 984 1180 1019 rere
1188 971 1263 1019 etium
1274 970 1429 1029 interfecerit,
1438 971 1603 1034 insupermori
1614 972 1676 1022 velte

889 1058 913 1104 et
925 1055 957 1103 ob
971 1068 1099 1104 rnoerorem
1113 1054 1194 1103 virere
1205 1067 1252 1102 nnn
1264 1054 1398 1104 sustinere?
1408 1055 1470 1112 Quis
1483 1056 1615 1117 reperiatur
1624 1059 1675 1105 tam

889 1151 973 1186 amans
982 1137 1118 1186 homicida?
1128 1136 1256 1195 Quodnam
1264 1136 1357 1197 odium,
1368 1150 1458 1200 queso,
1466 1140 1515 1186 tuni
1528 1138 1596 1187 tacite
1605 1138 1676 1201 depo·

891 1224 978 1271 natur?
993 1223 1029 1269 tie
1038 1234 1080 1282 per
1089 1220 1154 1281 deos,
1164 1234 1195 1269 ne
1206 1221 1309 1269 credatis
1321 1240 1327 1269 ι
1340 1232 1401 1269 neve
1410 1219 1531 1270 hominem
1546 1221 1677 1269 misericor·

891 1304 930 1352 diu
944 1302 1031 1366 potius,
1042 1302 1239 1364 qnamsnppticio
1251 1301 1358 1363 dignum,
1373 1301 1485 1364 perdetis.
1518 1301 1627 1361 Quodsi,
1640 1303 1676 1352 nti

892 1390 961 1449 dixit,
974 1389 1137 1439 cmttsauctor
1149 1389 1198 1451 ipse
1210 1387 1264 1447 tuit,
1274 1386 1406 1448 agitedum,
1419 1389 1592 1437 mercenarium
1604 1387 1677 1437 istum

893 1473 1038 1524 homicidam
1051 1472 1074 1520 in
1088 1472 1193 1521 medium
1207 1472 1321 1533 proteret,
1330 1469 1416 1518 occisae
1425 1469 1512 1531 puetiae
1522 1470 1625 1520 cadaver
1640 1471 1678 1519 in·

892 1559 963 1609 dicet
997 1560 1040 1608 siu
1050 1571 1107 1608 vern
1118 1571 1197 1620 noque
1207 1557 1355 1617 interfector,
1367 1568 1444 1619 neque
1453 1555 1597 1620 interempta
1606 1556 1678 1618 adsit,

894 1646 949 1707 quis
967 1647 1018 1703 est,
1032 1644 1192 1706 quiunquam
1205 1640 1298 1690 medem
1317 1640 1389 1689 tutem
1406 1641 1494 1690 iactam
1509 1654 1560 1691 csse
1578 1642 1679 1692 endire-

893 1731 943 1780 rit?
958 1729 1088 1788 timebam,
1101 1727 1190 1790 inquit,
1210 1727 1317 1787 hietiten,
1330 1726 1420 1775 idcirco
1431 1726 1567 1788 Leucippen
1585 1728 1678 1776 mstuti.

894 1820 925 1866 nt
944 1828 988 1864 cur
1001 1815 1066 1876 eius,
1086 1827 1160 1875 quem
1175 1815 1300 1875 tantopere
1317 1814 1399 1869 amat,
1417 1823 1505 1859 nomen
1524 1810 1619 1860 deteri?
1633 1815 1681 1862 cnr

895 1892 1034 1956 Leucippes,
1046 1906 1120 1955 quom
1132 1896 1210 1941 morte
1221 1893 1284 1941 attici
1297 1892 1432 1953 mondavit,
1443 1907 1516 1944 causa
1526 1896 1586 1943 mort
1599 1896 1681 1958 cupit?

895 1978 977 2039 Quid?
991 1993 1021 2029 en
1037 1979 1141 2043 putatis,
1152 1980 1257 2041 aliquem
1268 1980 1303 2028 ita
1313 1980 1358 2030 athi
1368 1980 1411 2043 ipsi
1422 1994 1508 2043 parum
1520 1984 1680 2040 mactantem,

895 2066 924 2113 ut
935 2063 1000 2126 quod
1014 2065 1088 2123 emat,
1105 2062 1183 2112 oderit
1196 2076 1203 2110 ι
1216 2066 1241 2112 et
1251 2067 1335 2112 contra
1347 2063 1414 2126 quod
1431 2064 1525 2125 oderit,
1544 2066 1626 2114 amet?
1643 2070 1679 2114 An

895 2162 943 2198 uon
956 2149 1036 2211 potius
1053 2146 1199 2197 credendum
1218 2148 1272 2208 est,
1292 2148 1413 2196 εωειιίειυ
1428 2146 1565 2208 hominem,
1585 2149 1680 2196 tametsi

897 2236 1050 2292 conuictum,
1062 2231 1155 2281 crimen
1167 2234 1247 2281 temen
1257 2265 1264 2291 ,
1274 2233 1303 2280 nt
1313 2230 1416 2279 amicam
1429 2233 1523 2290 servet,
1538 2233 1681 2293 pernegatu-

897 2332 962 2380 rum,
976 2331 1007 2368 ne
1019 2331 1064 2381 pro
1076 2317 1201 2366 interiecta
1211 2316 1261 2378 ipae
1273 2327 1371 2378 quoque
1384 2315 1558 2363 frustrantium
1571 2314 1683 2362 amittere

897 2401 944 2453 sed
955 2413 1028 2463 quam
1038 2401 1071 2449 ob
1082 2410 1179 2449 cansam
1190 2398 1286 2447 htetiten
1300 2397 1433 2456 accusarit,
1444 2397 1464 2444 si
1484 2396 1541 2444 nihii
1554 2396 1584 2444 eh
1599 2408 1627 2444 es
1635 2397 1683 2444 uio

898 2486 1020 2546 patratum
1035 2483 1096 2532 tuiti
1117 2486 1169 2544 Ego
1182 2482 1208 2530 et
1225 2480 1272 2529 hoe
1288 2478 1356 2529 robis
1367 2478 1448 2527 dicam
1462 2480 1487 2527 ct
1505 2490 1536 2527 ne
1551 2491 1593 2539 per
1609 2478 1682 2538 deos,

898 2583 937 2620 me
950 2567 1087 2632 hujusmodi
1096 2567 1204 2616 oratione
1215 2565 1251 2614 uti
1264 2563 1414 2623 existimetis,
1425 2574 1475 2624 quo
1487 2561 1612 2611 mutierem
1621 2562 1684 2611 hanc

899 2657 923 2705 in
937 2655 1052 2705 invidiam
1064 2653 1167 2716 rapiam,
1181 2651 1223 2701 aed
1238 2650 1280 2714 qui
1294 2662 1344 2699 rem
1356 2649 1431 2710 ipsam
1442 2646 1527 2697 ordine
1539 2659 1682 2697 recenseam.

899 2741 993 2791 Metites
1006 2737 1152 2788 adolescenti
1174 2736 1274 2797 huiusce
1288 2746 1372 2783 amore
1384 2730 1498 2793 ssapabut
1509 2748 1516 2777 z
1529 2727 1560 2777 de
1581 2727 1680 2788 nuptiis·

899 2838 964 2888 qne,
980 2828 1111 2886 antequam
1123 2821 1231 2875 marinus
1251 2820 1296 2869 iste
1308 2818 1345 2866 uir
1359 2816 1500 2875 revixisset,
1521 2814 1618 2863 hahitue
1632 2814 1684 2862 tue·

899 2912 937 2960 rat
949 2921 1038 2958 sermo.
1072 2908 1117 2956 iiic
1131 2918 1189 2954 vcro
1204 2915 1251 2951 non
1267 2900 1340 2951 inodo
1354 2899 1430 2948 amori
1445 2911 1493 2947 non
1509 2897 1684 2960 respendehat,

899 2993 941 3043 sod
962 2993 1035 3042 etiam
1052 2988 1172 3052 annptiis
1183 3001 1256 3051 qnam
1276 2985 1411 3049 longissime
1430 2983 1584 3047 abhorrehet.
1617 2983 1683 3040 Quin

900 3077 971 3127 ettam
983 3077 1075 3134 amica,
1094 3086 1168 3136 qnam
1188 3073 1242 3121 tuce
1257 3070 1390 3134 privatam,
1415 3068 1451 3119 uti
1466 3068 1542 3126 dixit,
1556 3066 1684 3124 credebat,
1706 3072 1711 3082 ’

900 3157 955 3205 vivs
967 3152 1030 3216 apud
1045 3151 1188 3204 sosthenem
1203 3151 1311 3211 reperta,
1323 3147 1400 3196 mutto
1414 3145 1488 3207 megh
1502 3146 1574 3195 etiam
1587 3144 1685 3195 Metiteu

900 3236 1023 3284 avocatus
1035 3235 1080 3282 est.
1114 3232 1175 3288 Quae
1187 3241 1264 3292 quum
1283 3227 1386 3290 puettam
1402 3225 1466 3287 apud
1482 3225 1623 3275 sosthenem
1648 3224 1685 3272 iu-

901 3317 997 3364 ventam
1016 3313 1088 3375 hujus
1107 3310 1210 3362 amicam
1230 3320 1281 3358 esse
1302 3306 1410 3356 nondum
1423 3304 1510 3366 sciret,
1531 3303 1594 3354 ittius
1609 3303 1685 3352 vicem

901 3401 1014 3451 miserate
1028 3411 1043 3448 e
1058 3397 1173 3455 rincutis,
1190 3393 1278 3457 quibus
1292 3405 1307 3440 a
1324 3391 1441 3441 sosthene
1453 3389 1582 3439 constricta
1595 3390 1686 3449 iuerat,

901 3479 963 3529 sotei
972 3478 1050 3541 iussit,
1065 3475 1167 3538 hospitio
1181 3473 1288 3535 accepit,
1304 3474 1329 3522 et
1341 3473 1459 3533 tanquam
1474 3468 1573 3518 tiberem
1585 3469 1609 3517 tn
1621 3468 1687 3517 enta·

902 3559 986 3608 mitate
998 3557 1088 3620 otioqui
1100 3554 1255 3605 constitutam
1275 3552 1300 3600 in
1317 3551 1408 3600 honore
1426 3548 1528 3598 hahuit:
1548 3547 1647 3596 demum
1663 3561 1689 3596 ra

902 3640 996 3702 cognite
1009 3650 1051 3687 rus
1063 3636 1142 3693 mhit,
1154 3636 1181 3685 ut
1197 3632 1242 3695 ipsi
1258 3630 1364 3693 aliquam
1378 3638 1476 3692 operam
1492 3629 1616 3690 prestaret
1633 3628 1687 3689 post

902 3733 959 3783 quie
971 3717 1037 3768 unito
1050 3713 1153 3778 amptius
1168 3713 1192 3762 in
1207 3713 1261 3763 ioco
1273 3711 1348 3761 risum
1360 3709 1432 3759 tuisse
1443 3708 1521 3758 aiunt.
1554 3709 1593 3756 itte
1606 3709 1692 3756 sertem

903 3809 960 3847 vera
971 3794 1047 3857 ioqui,
1060 3795 1085 3843 et
1095 3791 1176 3843 stetite
1192 3790 1253 3853 ipsa,
1268 3791 1294 3839 et
1307 3788 1400 3838 ancitim
1413 3785 1479 3846 duae,
1492 3784 1635 3847 quibuscum
1649 3784 1692 3833 itte»

904 3891 945 3927 rus
960 3876 1032 3926 misse
1043 3874 1088 3923 tuit
1103 3872 1266 3924 ωειαθιιιιίιιτ.
1299 3869 1346 3919 sed
1360 3866 1419 3918 iilud
1436 3868 1559 3916 hominem
1577 3863 1601 3912 iu
1612 3862 1688 3924 suspi-

904 3956 997 4006 cionem
1007 3953 1125 4004 adduxit:
1138 3951 1230 4002 ueritus
1241 3949 1305 3999 enim
1315 3949 1361 4008 est,
1376 3959 1406 3995 ue
1416 3943 1543 4005 zelotypiae
1555 3942 1636 3989 tumre
1645 3940 1688 3988 de·

904 4034 967 4084 ricta
975 4032 1070 4095 mulier,
1080 4030 1214 4092 Leucippen
1222 4025 1253 4077 de
1260 4025 1339 4076 medio
1347 4023 1399 4074 tutti
1405 4022 1508 4086 jusserit.
1526 4018 1618 4068 Deinde
1625 4016 1688 4066 atirrd

904 4111 1020 4175 quiddam
1031 4109 1086 4169 sibi,
1099 4107 1158 4156 dnm
1172 4107 1195 4154 in
1210 4114 1307 4153 carcere
1322 4103 1392 4159 esset,
1404 4098 1516 4149 eveniens
1529 4095 1688 4157 suspicionem

905 4189 1019 4248 adamim
1034 4187 1204 4246 hominemque
1223 4187 1247 4231 et
1267 4182 1351 4229 contra
1371 4178 1448 4227 semet
1465 4176 1557 4237 ipsum,
1568 4174 1592 4221 et
1606 4173 1690 4219 contro

906 4267 1002 4318 mettim
1019 4265 1130 4314 irritavit.
1163 4260 1268 4319 Quidam
1283 4257 1347 4308 enim
1360 4269 1389 4306 εκ
1406 4254 1448 4314 its,
1461 4251 1540 4317 quiin
1557 4247 1689 4299 custodium

906 4345 957 4397 dati
973 4344 1076 4400 tererent,
1089 4353 1157 4390 suam
1169 4351 1213 4401 per
1223 4350 1275 4387 sesa
1284 4337 1361 4385 uimm
1373 4332 1466 4390 dolena,
1481 4327 1601 4388 narravit,
1613 4339 1640 4375 se
1652 4325 1689 4374 in·

907 4429 945 4476 tor
959 4424 1065 4475 eundum
1079 4422 1105 4471 iu
1118 4419 1233 4471 darium
1245 4417 1326 4467 nescio
1341 4426 1415 4477 quem
1427 4409 1546 4467 incidisse,
1561 4406 1602 4469 qni
1615 4407 1691 4469 pretio

907 4505 1006 4565 eccepto
1016 4499 1121 4565 pueliam
1138 4508 1234 4547 υυασεεο
1250 4495 1325 4544 tessus
1335 4494 1389 4543 est:
1407 4491 1500 4552 etque.
1516 4485 1606 4535 cedem
1622 4494 1691 4533 man·

908 4581 1025 4640 dancrat,
1043 4578 1155 4636 Meliten,
1170 4586 1226 4637 quaa
1242 4574 1326 4621 nemis
1346 4570 1439 4627 tuerat,
1461 4566 1598 4627 Leucippen
1612 4564 1690 4613 nomi·

909 4661 960 4712 nari
973 4659 1042 4709 dixit.
1075 4654 1147 4714 Quod
1161 4656 1311 4717 postremum
1326 4663 1356 4699 an
1373 4649 1408 4699 ita
1425 4661 1452 4697 se
1464 4646 1567 4704 iubeat,
1581 4644 1692 4708 equidem

909 4740 1016 4792 nondum
1028 4736 1104 4787 thebeo
1117 4738 1268 4796 compertum
1286 4749 1293 4779 ι
1309 4730 1350 4779 sed
1366 4726 1425 4778 titud
1438 4725 1507 4775 vohis
1526 4725 1647 4789 inquirere
1661 4725 1690 4774 ti·

910 4819 980 4869 cebit.
1013 4815 1129 4864 Vinctum
1144 4812 1265 4863 huminem
1273 4808 1366 4859 hahetis
1376 4826 1383 4856 ι
1395 4806 1463 4857 edcst
1474 4808 1590 4870 preterea
1598 4803 1693 4855 sosthe-

911 4909 966 4958 nes,
980 4894 1068 4944 adsunt
1089 4891 1205 4942 ancittmt
1227 4900 1333 4952 quornm
1354 4900 1385 4936 εκ
1399 4886 1474 4935 attero
1493 4883 1568 4947 queri
1590 4883 1629 4945 ius
1644 4883 1693 4942 est,

911 4976 975 5026 unde
987 4974 1032 5025 sihi
1043 4972 1164 5036 Leucippe
1176 4970 1200 5020 in
1215 4966 1357 5018 servitutem
1369 4964 1425 5015 data
1435 4964 1482 5013 sit:
1492 4976 1522 5012 ex
1533 4962 1622 5020 atteris,
1634 4974 1695 5023 qno·

911 5055 984 5104 modo
1002 5066 1018 5103 e
1037 5050 1176 5101 mortattnm
1196 5046 1326 5108 conspectu
1347 5044 1379 5094 sit
1399 5044 1495 5105 erepte;
1513 5042 1648 5104 postremus
1665 5038 1696 5086 de

912 5128 1060 5185 merueram
1066 5130 1177 5181 testetur.
1209 5126 1280 5177 Prins
1291 5134 1432 5186 veroquam
1443 5122 1530 5171 tranum
1541 5118 1649 5168 omnium
1661 5117 1696 5165 in·

914 5213 1038 5275 vestigatio
1051 5224 1065 5261 a
1077 5208 1146 5260 notris
1154 5207 1218 5258 tecte
1226 5202 1267 5263 sit,
1277 5214 1356 5264 neque
1366 5201 1414 5263 im,
1426 5213 1504 5263 noque
1516 5198 1551 5248 tas
1564 5199 1609 5253 est,
1621 5195 1694 5243 eitam
