3866 5956
474 578 1261 780 r'nnaxrtuuouxx.

668 939 1060 978 -..ι-ψ-

754 1249 958 1353 .Ῐ·,

243 1460 281 1524 ln
297 1457 454 1524 Caesareo
478 1453 696 1523 Parisiorum
724 1476 868 1541 museo,
895 1453 1028 1524 latinus
1049 1454 1199 1550 quidam
1222 1457 1347 1526 incerti
1368 1459 1526 1530 auctoris

194 1574 532 1647 asservaturCodex
561 1578 643 1672 qui,
674 1578 702 1646 si
731 1576 776 1646 ad
793 1590 906 1647 artem
933 1578 1129 1674 respexeris
1146 1578 1341 1649 voluminis
1356 1581 1525 1651 exarandi

192 1713 229 1769 et
242 1680 448 1796 opificandi,
462 1679 555 1769 intra
567 1715 735 1793 quartum
749 1713 785 1770 et
795 1697 977 1770 decimum
988 1699 1137 1796 quidem
1152 1701 1322 1771 saeculum
1333 1701 1501 1774 subsistet
1513 1731 1523 1792 3

192 1824 221 1893 si
238 1838 357 1893 autern
372 1823 481 1895 verba
493 1822 687 1894 attenderis
701 1837 737 1893 et
752 1847 841 1911 rem,
861 1823 973 1894 aetatis
987 1823 1057 1894 sibi
1071 1824 1179 1918 longe
1197 1825 1400 1896 remotioris
1415 1824 1525 1898 fidem

192 1943 308 2015 saciet.
322 1950 354 2015 ls
368 1947 538 2016 nimirum
550 1944 652 2033 liber,
672 1966 823 2016 romano
835 1945 917 2017 licet
927 1969 1093 2043 sermone
1103 1947 1323 2044 perscriptus
1336 2001 1345 2035 ,
1359 1948 1394 2017 in
1413 1952 1524 2019 veteri

192 2069 352 2163 quodam
363 2084 460 2139 totus
474 2084 527 2139 est
538 2093 648 2166 opere
660 2069 833 2140 vertendo
848 2095 890 2140 ex
905 2069 974 2139 alia
984 2058 1120 2163 lingua,
1132 2086 1256 2165 quam,
1271 2070 1392 2141 multis
1409 2073 1525 2169 iisque

190 2193 404 2285 gravissimis
420 2193 465 2263 de
479 2170 614 2282 causis,
643 2219 792 2288 graecam
806 2218 882 2265 esse
896 2190 1004 2265 ntimo
1020 2192 1157 2264 inficias
1172 2196 1264 2264 ierit.
1283 2198 1523 2267 Meramenim

190 2331 226 2386 et
241 2316 397 2386 vividam
420 2316 663 2404 Gr'aecitatem,
691 2317 789 2387 laune
810 2315 907 2413 apud
931 2330 1115 2403 nostrum,
1145 2317 1308 2412 quisquis
1322 2331 1394 2405 est,
1412 2319 1521 2389 inter-

189 2453 348 2536 pretem,
377 2439 540 2509 redolent
556 2439 621 2509 tibi
636 2463 720 2509 cum
733 2440 897 2536 plurimae
912 2463 1018 2510 voces
1032 2463 1211 2510 vocumve
1222 2440 1401 2534 juncturae
1413 2455 1521 2526 ,tum

190 2563 298 2631 etiam
312 2563 494 2654 agentium
512 2586 575 2632 seu
590 2586 827 2658 personarum
847 2585 988 2647 mores,
1007 2562 1096 2647 loci,
1120 2562 1388 2657 praesertimque
1402 2562 1520 2632 domi·

190 2685 312 2754 nantia
326 2685 484 2753 nomina.
1383 2672 1385 2677 ’

236 2808 435 2878 sexcenties
453 2832 537 2900 ergo
554 2822 687 2894 noster,
700 2807 788 2877 dum
815 2807 974 2905 prudens
991 2808 1226 2878 soloecizantis
1242 2808 1351 2878 latine
1365 2810 1520 2905 speciem

188 2956 259 3028 prae
273 2955 311 3001 se
335 2932 445 3025 gerit,
472 2933 587 3028 reipsa
604 2933 786 3026 'graecissat
816 2934 909 3001 inter
926 2930 1160 3017 vertendum;
1188 2945 1223 3002 et
1247 2931 1376 3027 linguae
1404 2933 1516 3022 Latii,

188 3070 359 3150 tanquam
380 3055 426 3125 de
440 3055 640 3140 industria,
659 3042 838 3150 negligens
853 3070 915 3126 aut
928 3054 1075 3142 oblitus,
1094 3054 1245 3125 verbum
1262 3054 1388 3125 saltem
1404 3055 1518 3126 verbo

186 3181 312 3274 satagit
334 3180 502 3268 reddere,
520 3179 670 3277 srdaeque
692 3181 829 3278 oppido
855 3181 1052 3251 curiositati
1068 3180 1239 3249 inservire
1253 3178 1417 3250 destinat.
1434 3179 1518 3249 Cul-

186 3327 269 3398 pam
290 3303 373 3374 ideo
393 3306 502 3391 vitet,
521 3304 594 3373 imo
621 3303 764 3373 laudem
783 3319 939 3390 mereat,
967 3304 995 3372 si
1027 3302 1116 3397 quid
1134 3302 1345 3373 insolentius
1371 3303 1431 3377 lric
1457 3317 1519 3372 aut
1588 3307 1598 3325 '

185 3425 257 3496 illic
272 3428 389 3497 minus
404 3443 486 3524 apte
512 3427 652 3514 dixerit,
669 3427 791 3523 quoad
807 3441 987 3524 spectetur
1001 3440 1036 3495 et
1062 3426 1268 3496 conseratur
1282 3426 1445 3497 Tulliana
1458 3427 1518 3498 illa

153 3634 163 3646 ι
185 3550 220 3620 in
237 3551 352 3621 verbis
367 3551 525 3621 serendis
546 3552 699 3644 genuina
714 3551 950 3621 concinnitas.
980 3622 988 3635 ,
1101 3540 1105 3545 ⁶

233 3678 374 3745 Graecos
388 3675 521 3769 alioqui
545 3690 578 3743 et
593 3699 686 3771 pene
705 3675 898 3772 Cecropios
912 3698 1030 3745 mores
1046 3673 1131 3745 huic
1152 3674 1294 3744 eroticae
1320 3687 1450 3745 nostrae
1473 3673 1519 3744 tle

186 3796 376 3892 Apollonio
398 3798 502 3893 Tyrio
530 3798 700 3886 Μυθοποιΐᾳ
727 3796 866 3868 effictos
885 3822 959 3868 esse
988 3798 1187 3891 evincetur,
1208 3798 1237 3868 si
1263 3796 1343 3893 quis
1358 3800 1516 3891 Gymna-

93 3998 99 4005 ,
183 3920 298 4005 sium,
315 3924 547 4014 Ganeamque
573 3934 608 3989 et
626 3914 838 4016 Neptunalia
856 3908 947 3990 cum
960 3920 1035 3990 aede
1050 3919 1254 4007 Artemidis,
1266 3933 1302 3989 et
1316 3933 1442 3988 caetera
1462 3942 1517 3986 re-

184 4040 324 4135 putabit
349 4066 429 4138 qum
453 4043 585 4138 passim
602 4041 802 4135 legentibus
815 4056 1019 4112 occurrent.
1541 4048 1543 4051 ’

233 4162 372 4258 Ubique
384 4164 460 4257 jam
474 4164 561 4234 Asiae
582 4179 644 4235 aut
660 4163 839 4253 Helladis,
860 4189 956 4235 nunc
972 4163 1182 4252 Antiochiae,
1202 4186 1297 4232 nunc
1311 4162 1412 4253 Tyri,
1431 4163 1515 4230 Tar-

183 4285 278 4372 sive,
300 4285 496 4381 Mitylenae,
513 4300 585 4356 aut'
602 4286 753 4383 Ephesi,
773 4310 847 4357 non
870 4288 946 4358 siue
964 4286 1096 4383 festiva,
1109 4285 1266 4382 quadarn
1288 4298 1323 4353 et
1358 4282 1514 4377 legitima

182 4406 383 4478 mobilitate
411 4433 541 4497 scenae,
571 4435 626 4480 res
649 4410 778 4503 agitur,
808 4410 857 4479 ita
885 4408 1050 4480 videlicet
1076 4423 1116 4478 ut
1139 4431 1218 4503 quae
1243 4429 1353 4501 graece
1384 4404 1515 4501 scripta

183 4543 393 4628 morataque
410 4547 463 4603 est
485 4533 621 4622 sabula,
637 4556 679 4603 ea
694 4557 739 4602 ne
764 4532 865 4629 aliter
889 4531 1052 4603 liabitare
1068 4546 1103 4603 et
1126 4529 1223 4636 apud
1241 4544 1377 4605 exteras
1393 4542 1514 4622 gentes

182 4666 355 4749 tauquam
370 4654 513 4726 exulare
531 4654 685 4726 dicatur.

229 4777 371 4851 l'abulae
394 4794 514 4851 autem
535 4780 684 4874 hujusce
710 4781 892 4850 amatoriae
909 4793 1038 4848 nostrae
1056 4778 1321 4871 Protagonista,
1346 4775 1445 4845 haud
1461 4790 1512 4845 te·

184 4924 283 4970 mere
320 4928 361 4973 ac
397 4903 546 5003 fortuito
578 4919 810 5003 nuncupatur
842 4901 1072 5000 Apollonius,
1106 4900 1241 4997 quippe
1283 4900 1356 4991 cui
1387 4898 1513 4995 Apollo

179 5036 278 5093 vates
293 5039 329 5095 et
344 5050 458 5121 augur
467 5029 643 5122 egregiam
660 5027 871 5125 impertierit
884 5025 1111 5119 sagacitatem
1127 5022 1239 5112 illam,
1257 5047 1337 5118 quae
1351 5023 1512 5119 proxime

180 5145 226 5213 ad
249 5146 508 5221 divinationem
533 5150 692 5239 accedit,
716 5167 752 5221 et
778 5149 958 5221 solvendis
976 5147 1140 5218 Antiochi
1161 5147 1251 5241 regis
1266 5132 1513 5241 aeiiigmatibus

818 5284 871 5333 sot
