3932 5946
245 454 300 503 ³88

241 571 338 630 ἐθαλπέ
352 594 379 630 τε
397 574 510 651 συνέχων
530 573 575 630 καί
595 576 664 653 λόγῳ
687 576 814 641 παντοίως
829 576 1020 651 ἀνελάμύανεν.

241 659 319 718 Ἐπεὶ
335 659 361 717 88
377 658 469 737 μικρὸν
487 659 643 735 άνέπνευσε,
663 659 709 729 τὴν
732 661 852 718 elatave
840 662 1020 739 ἐξεμάνθανεν

241 745 328 819 ‘,088
353 746 525 806 Ἀπόλωλοι
511 770 627 857 ερη,η
596 750 627 825 ζῆ
640 745 716 826 γάρ
703 772 738 814 ως
758 749 860 820 άληθῶς
877 754 894 820 ἡ
909 750 1020 820 κακίστη

240 833 341 906 Θίσόη.
387 833 474 893 Καλ’
453 834 542 905 ειπὼν,
554 825 626 899 αὖθις
640 834 680 901 ἐέξ
681 839 751 894 uase.

215 937 227 973 s
279 922 322 982 ιδ’.
348 921 402 980 Καί
418 925 432 979 8
449 922 595 1001 Καλάσιρις
611 914 683 988 αὖθις
696 923 842 1000 πράγματα
857 914 938 1002 εἶχεν,
950 928 1024 1002 ἐπιρ-

241 1008 367 1087 ρωννύναι
380 1007 547 1088 πειρώμενος.
590 1007 703 1077 Ἔπαιζε
714 1011 737 1067 δ’
746 1010 798 1090 άρα
809 1035 834 1068 τι
848 1012 891 1069 τὸν
905 1010 1021 1086 Κνήμω-

239 1120 272 1154 να
285 1096 427 1173 δαιμόνιον,
438 1095 452 1153 δ
465 1095 511 1154 καλ
520 1095 606 1154 τάλλα
620 1097 717 1175 χλεύην
729 1101 764 1164 ὡς
775 1098 873 1157 ε’πίπαν
883 1098 916 1156 et
927 1098 1023 1178 άνθρύν·

240 1207 301 1242 πεια
323 1183 369 1241 καὶ
389 1182 499 1241 παιδιὰν
519 1184 663 1253 πεποίηται
679 1185 724 1242 καὶ
752 1185 810 1244 οὐδὲ
834 1190 885 1243 τῶν
909 1187 1022 1257 ἡδίστων

240 1273 346 1339 ἀλύπως
360 1271 479 1350 μετέχειν
492 1271 646 1351 ἐπέτρεπεν,
659 1273 715 1331 ἀλλ’
727 1272 767 1330 ότι
778 1274 834 1347 μετ’
844 1274 928 1350 ὀλίγον
943 1274 1023 1345 ἠσθή·

202 1382 226 1418 ιο
240 1364 330 1418 σεσθαι
342 1360 462 1434 ἔμελλεν,
484 1359 536 1429 ἤδη
548 1359 578 1416 τὸ
595 1358 711 1433 άλγεινδν
736 1358 877 1418 ἐπέπλεκε·
893 1360 964 1439 τάχα
975 1361 1022 1436 μὲν

239 1446 320 1514 οὕτως
335 1447 390 1513 tuae
408 1445 437 1504 δν
450 1449 522 1524 αύτῷ
536 1445 581 1503 καί
600 1451 644 1503 νῦν
666 1446 886 1524 ἐπιδεικνύμενον,
903 1448 973 1526 τάχα
995 1450 1022 1505 δι’

239 1557 289 1592 που
299 1534 345 1592 καί
359 1537 405 1604 τῆς
419 1534 555 1610 ἀνθρώπου
569 1532 670 1611 ρύσεως
693 1534 785 1611 ἀμιγὲς
807 1534 853 1593 καί
868 1534 981 1613 καθαρὸν
993 1534 1023 1593 τὸ

240 1628 332 1728 χαῖρον
342 1622 389 1678 οῦκ
399 1620 596 1729 ἐπιδεχομένης.
639 1619 689 1687 Ὡς
710 1621 796 1690 δὴ
754 1645 799 1678 και
811 1622 870 1680 τότε
881 1626 895 1679 8
907 1621 1022 1698 Κνημων

240 1707 331 1786 ἐρευγί
355 1730 383 1764 τε
402 1706 437 1765 τά
455 1709 560 1764 πάντων
579 1707 679 1781 μᾶλλον
697 1710 740 1786 αίρ
743 1708 788 1766 est
809 1709 854 1767 καλ
871 1709 1016 1815 φρύερδ
989 1732 1022 1766 τα

203 1817 226 1853 rs
240 1795 335 1864 ἥδιστα
349 1794 547 1870 ὑπελάμόανεν
590 1784 643 1854 Ην
655 1793 745 1873 γδρ’
720 1819 749 1853 ου
768 1796 893 1869 Θίσὸη
871 1821 900 1855 το
914 1802 1022 1898 θρηνοῦν

240 1881 344 1995 γύναιον
358 1881 427 1940 ἀλλὰ
450 1883 607 1961 Χαρίκλεια.
651 1883 754 1960 Ιεγόνει
773 1885 800 1941 δέ
817 1884 851 1942 εδ
867 1906 927 1964 περι
917 1884 1021 1954 αὐτὴν

239 1962 302 2029 ὧδε.
345 1967 454 2040 Ἐπειδὴ
469 1969 519 2048 γὰρ
531 1974 545 2028 8
557 1968 604 2045 μέν
619 1970 730 2047 Θύαμις
741 1972 820 2038 ἁλοὺς
836 1973 966 2051 ἐζώγρητο
977 1974 1022 2030 καὶ

240 2056 326 2136 εἴχετο
343 2059 528 2137 αἰχμάλωτος,
543 2059 600 2127 ἡ
572 2059 600 2116 δ
613 2064 690 2129 νῆσος
712 2060 897 2138 ἐμεπέπρηστο
911 2060 1005 2118 καί
970 2085 1021 2118 των

240 2144 345 2203 ἐνοίκων
362 2145 491 2204 κεκένωτο
507 2146 649 2224 βουκόλων,
664 2151 678 2204 8
701 2144 747 2223 μέν
764 2149 880 2225 Κνήμων
892 2148 937 2206 καὶ
951 2148 1020 2227 elip-

201 2254 228 2290 ειν
240 2237 353 2309 μουθιςδ
367 2238 411 2291 τοῦ
426 2232 561 2309 Θνάμιδος
580 2235 760 2306 ὑπασπιστλς,
777 2240 836 2315 ἑῷοι
858 2236 906 2306 τὴν
926 2237 1021 2311 λίμνην

240 2320 403 2391 διέπλευσαν,
418 2319 470 2378 ότι
484 2343 547 2379 ποτε
561 2321 604 2379 τὸν
618 2322 768 2401 λη’,σταρχον
779 2322 891 2403 ἔδρασαν
905 2326 928 2379 οί
940 2325 1021 2380 πολέ-

240 2431 295 2481 μιοι
309 2408 563 2479 κατασκοπήσοντες,
605 2406 693 2488 Ἔσχε
707 2434 735 2467 τε
751 2408 784 2467 τά
804 2411 863 2468 κατ’
882 2411 973 2475 αὐτοὺς
987 2414 1022 2477 ὡς

240 2493 271 2564 δὴ
287 2494 332 2552 καί
354 2494 465 2573 εἴρηται.
512 2496 592 2555 Μόνοι
611 2495 638 2553 88
659 2496 794 2573 θεαγένης
813 2499 858 2555 καί
876 2497 1021 2574 Χαρίκλεια

239 2581 308 2639 κατὰ
329 2584 359 2639 τὸ
378 2583 507 2652 σπήλαιον
529 2585 715 2659 ὑπελείποντο,
739 2584 769 2641 τὸ
787 2584 950 2663 θπερίῖάλλον
970 2589 1021 2642 τῶν

200 2686 225 2724 aa
240 2668 374 2748 παρόντοιν
394 2671 481 2726 δεινῶν
500 2668 598 2744 ἀγαθὸν
621 2670 742 2747 μέγιστον
767 2672 905 2745 τιθέμενοι.
953 2673 1021 2729 Τότε

239 2757 289 2837 γάρ
305 2761 406 2835 πρῶτον
421 2756 472 2836 ἰδίᾳ
486 2758 531 2813 καὶ
546 2757 641 2823 παντὸς
660 2760 857 2833 ἀπηλλαγμένοι
880 2765 924 2816 τοῦ
939 2759 1021 2835 ὀχλη-

240 2867 346 2919 σαντος,
361 2843 484 2915 ἀλλήλοις
496 2845 657 2924 ἐντυχόντες,
670 2845 891 2925 άπαραποδίστων
905 2846 950 2903 καὶ
962 2848 1019 2904 ὁλο-

240 2936 340 3011 σχερῶν
362 2933 527 3011 περιπλοκῶν
546 2933 636 2990 τεκαὶ
659 2933 814 3011 φιλημάτων
829 2933 1021 3009 ἐνεπίμπλαντο

239 3021 284 3078 καὶ
304 3020 408 3078 πάντων
430 3018 479 3095 ἅμ’
493 3022 529 3085 εἰς
549 3019 630 3092 λήθην
646 3020 819 3094 ἐμπεσόντες,
840 3020 941 3099 εἴχοντο
963 3024 1021 3079 ἐπι-

201 3126 227 3162 ro
239 3108 358 3164 πλεῖστον
384 3106 506 3177 ἀλλήλων
529 3109 604 3165 οἱονεὶ
629 3109 843 3189 συμπεφυκότες,
870 3108 1021 3185 ἁγνεύοντος

239 3194 286 3267 μὲν
303 3192 341 3251 ἔτι
358 3193 404 3251 καί
424 3194 623 3274 παρθενεύοντος
645 3196 740 3275 ἔρωτος
754 3196 946 3276 κορεννύμενοι,
972 3198 1022 3256 δά-

239 3302 315 3358 κρυσι
332 3279 353 3336 δ’
369 3283 453 3358 ὑγροῖς
470 3282 558 3340 τεκαὶ
574 3284 675 3362 θερμοῖς
695 3287 730 3349 εἰς
745 3285 874 3354 ἀλλήλους
894 3284 1021 3362 κεραννύ-

240 3389 312 3440 μενοι
328 3367 373 3424 καλ
387 3372 508 3446 καθαροῖς
529 3370 606 3445 μόνον
621 3371 772 3448 μιγνύμενοι
792 3380 843 3436 τοῖς
864 3372 1020 3450 φιλήμασιν.

239 3452 272 3511 ‘ll
287 3452 338 3532 γὰρ
352 3454 498 3532 Χαρίκλεια
511 3456 555 3513 τὸν
576 3459 724 3534 Θεαγένην,
741 3458 764 3515 εἴ
777 3482 802 3515 τι
826 3463 1021 3536 παρακινοῦντα

199 3559 224 3597 aa
240 3539 354 3599 αἴσθοιτο
371 3564 417 3599 καί
406 3541 501 3619 ἀνδρί
503 3543 646 3618 ζόμενον,
637 3568 782 3617 υπομνησει
796 3548 847 3601 τῶν
862 3544 946 3623 ὅρκων
961 3544 1021 3602 ἀνέ-

239 3631 356 3688 στελλεν.
399 3627 470 3688 08
481 3651 510 3686 ου
500 3631 644 3707 ’χαλεπῶς
660 3632 804 3708 ἐπανηγετο
817 3630 861 3688 καὶ
882 3633 1025 3717 σωφρονῶν

240 3716 363 3797 ραδίονς’
349 3717 482 3795 ηνείχετο,
498 3716 590 3794 ἔρωτος
604 3717 651 3792 μὲν
667 3718 828 3776 ἐλάττων’“
796 3721 887 3788 ηοονῆς
899 3716 926 3775 88
937 3741 969 3797 κρ
971 3718 1021 3775 είτ-

238 3828 289 3861 των
301 3805 458 3881 γιγνόμενος
504 3805 578 3864 Ἐπεί
593 3806 615 3862 δ’
629 3805 678 3885 ὀψέ
692 3828 755 3862 ποτε
769 3808 820 3862 τῶν
834 3804 971 3882 πρακτέων
987 3807 1022 3871 εἰς

239 3891 335 3949 ἔννοιαν
356 3892 415 3950 tiu'
386 3897 486 3963 θοντες,
509 3892 581 3960 δόξαι
601 3895 676 3970 κόρον
694 3891 762 3971 ἔχειν
787 3891 1022 3972 ἐίίιάσθησανᾎαρ-

199 4002 224 4038 ao
238 4002 314 4057 χεταε
337 3984 351 4037 8
375 3980 511 4087 Θεαγένης
531 3981 615 4055 λόγοιν
637 3982 756 4037 τοιῶνδε·
775 3978 830 4041 ’,Γδ
838 3979 884 4053 μὲν
908 3989 1022 4038 συνεῖναι

238 4071 308 4143 ἡμᾶς
322 4057 493 4175 ἀλληλοις,
475 4093 498 4125 ω
512 4068 657 4147 Χαρίκλεια
670 4066 715 4124 καί
728 4067 820 4124 τουτ’.
810 4067 878 4171 ἔχειν
890 4067 953 4126 8
915 4091 1021 4125 παντων

238 4178 265 4211 τε
280 4154 465 4234 προτιμότερον
490 4154 650 4228 ἐποιησάμεθ
654 4152 729 4210 ακαί
750 4151 839 4209 διδ’
802 4176 888 4210 παντα
908 4153 1023 4225 ὑπέστη·

239 4266 299 4314 μεν,
314 4246 389 4316 ἡμεῖς
403 4243 426 4299 τ’
438 4242 587 4321 εὐχόμεθα,
604 4241 656 4298 θεοί
677 4239 701 4297 θ’
714 4239 848 4309 Ἑλληνιοι
871 4244 1020 4319 παρέχοιεν.

239 4330 316 4389 ’lieet
332 4331 354 4387 δ’
372 4329 540 4406 ἀστάθμητόν
553 4353 578 4386 τι
596 4331 625 4386 τὸ
641 4328 799 4407 ἀνθρώπειον
819 4330 864 4388 καὶ
879 4331 967 4389 ἄλλοτ’
980 4333 1022 4391 ἐπ’

199 4440 224 4475 ί.»
241 4420 307 4477 ἄλλα
334 4418 473 4499 φερόμενον
495 4417 539 4476 καὶ
563 4417 648 4475 πολλὰ
674 4416 721 4491 μέν
742 4417 917 4495 πεπόνθαμεν,
936 4419 1022 4479 salli

239 4508 260 4565 δ’
282 4509 430 4582 ἐλπίζομεν,
453 4508 587 4586 πρόκειται
608 4507 631 4562 δ’
645 4507 708 4580 ἡμῖν
730 4503 798 4562 aar&
813 4506 845 4564 τὰ
865 4509 1022 4585 συγκείμενα

239 4597 301 4674 πρὸς
325 4595 459 4670 Κνήμωνα
478 4595 581 4659 πάντως
598 4593 641 4673 ε’πί
655 4592 763 4669 Χέμμιν
778 4594 825 4665 την
840 4596 933 4672 κώμην
953 4598 1022 4656 ἐπεί·

239 4688 328 4757 γεσθοιι
346 4682 391 4740 καὶ
407 4682 514 4758 άδηλον,
533 4682 589 4753 ἥτις
608 4685 678 4791 ἡμᾶς
694 4681 837 4750 διαδέξεται
858 4684 942 4762 τύχη,
955 4685 1022 4744 πολὺ

240 4770 266 4825 88
287 4768 333 4826 καὶ
347 4768 462 4849 ἄπειρον,
475 4773 509 4835 ύνς
526 4770 593 4828 ἔοικε
600 4770 762 4846 ,διάστημα
785 4796 831 4843 της
852 4771 1023 4849 ἐλπιζομένης

200 4878 225 4910 ro
240 4861 306 4965 ἡμὶγ
327 4857 511 4928 ὑπολείπεται,
535 4859 581 4937 ρέρ
569 4882 595 4936 ρε
618 4857 738 4933 σύμύολά
754 4882 812 4917 τινα
835 4860 1022 4937 ποιησώμεθα,

240 4933 306 4999 δι’
286 4967 322 4999 ων
340 4943 477 5023 απόρρητά
491 4969 557 5019 τεγ
541 4951 701 5023 γνωριοῦμεν
715 4946 840 5024 παρόντες
862 4948 906 5004 καί
927 4948 949 5003 εἰ
967 4969 1023 5023 χω-

242 5029 360 5109 μσθηνοιί
386 5053 449 5087 ποτε
481 5032 638 5107 συμίίοιίνοι,
672 5032 854 5109 μαστεύσομεν
883 5035 1020 5104 alisiana.

242 5115 346 5193 ,spatas
360 5116 409 5194 γδρ
424 5118 523 5191 πλάνης
537 5121 645 5197 ἐρόδιον,
661 5120 778 5193 σύνθημα
790 5124 890 5197 φιλικὸν
904 5124 938 5187 εἰς
951 5123 1008 5178 άνε
984 5145 1042 5179 ευ.

241 5228 309 5283 pauiu
325 5205 524 5283 φυλαττόμενον.

774 405 984 506 irationem
1010 445 1317 511 AE'rsroeieonun

1067 597 1179 633 sermone
1191 584 1289 633 omnino
1304 588 1331 633 ut
1346 584 1413 634 alsa
1429 585 1516 636 rediret
1534 587 1657 637 etiecissel.
1693 592 1774 653 thue
1786 594 1856 654 paul-

1068 672 1144 719 lulum
1158 672 1291 732 respiravit,
1302 685 1399 721 eausam
1410 686 1441 722 ex
1453 686 1482 721 eo
1491 674 1666 725 sciscitabatur.
1701 677 1833 729 tlieaulem
1849 701 1855 727 :
1941 700 1942 715 ν

1068 762 1154 807 Actum
1166 761 1202 807 est
1210 759 1241 807 de
1251 772 1298 817 me,
1309 759 1395 821 inquit,
1407 760 1468 810 risit
1477 761 1541 811 enim
1552 775 1634 812 resera
1644 764 1746 826 pessima
1756 768 1854 817 Thisbe.
1941 788 1942 795 ν

1069 848 1097 894 El
1108 857 1165 893 cum
1181 846 1233 893 taceo
1245 846 1360 907 dixisset,
1371 848 1459 896 iterum
1471 848 1641 900 emoriebatur.

1099 936 1140 981 tv.
1155 933 1267 981 ealasiris
1280 935 1361 982 autem
1375 948 1458 984 rursus
1470 936 1576 986 mullum
1586 938 1675 998 negotii
1689 937 1784 999 babuit,
1793 942 1857 990 darm

1068 1019 1131 1068 bunc
1144 1033 1201 1069 eum
1215 1021 1297 1070 animo
1311 1034 1363 1071 esse
1376 1021 1480 1083 juberet
1514 1024 1644 1074 Enimuero
1658 1026 1773 1077 illudebat
1784 1029 1858 1090 plane

1069 1107 1185 1157 cnemoni
1200 1107 1322 1170 quoddam
1336 1121 1438 1169 numen,
1450 1110 1530 1172 quod,
1543 1113 1571 1160 ut
1582 1110 1671 1174 alloqui
1684 1114 1857 1176 utplurimum

1069 1208 1106 1242 res
1119 1195 1236 1244 humanas
1251 1196 1275 1244 in
1292 1194 1387 1245 ludibrii
1401 1199 1426 1246 el
1441 1199 1507 1247 lusus
1521 1198 1575 1247 loco
1591 1198 1708 1261 collocat,
1723 1201 1757 1250 ita
1775 1215 1858 1264 neque

1069 1284 1121 1330 tum
1134 1282 1280 1332 suavissimis
1295 1284 1424 1345 tranquille
1437 1283 1529 1346 absque
1542 1285 1651 1335 molestia
1670 1287 1717 1336 irari
1728 1290 1858 1350 permitte-

1069 1369 1124 1428 bat,
1136 1368 1177 1416 sed
1198 1368 1263 1430 qnod
1280 1370 1469 1430 gavisuruserat
1482 1372 1565 1433 paullo
1580 1375 1648 1434 post,
1668 1386 1752 1423 casum
1766 1375 1855 1424 adsm-

1068 1468 1123 1505 sum
1136 1456 1274 1517 implicabat
1286 1476 1292 1505 :
1309 1458 1345 1506 rel
1358 1457 1422 1519 quod
1434 1472 1462 1506 ea
1474 1459 1505 1508 sit
1517 1458 1590 1520 ipsius
1602 1461 1766 1523 cousuetudo,
1780 1463 1858 1512 etiam

1070 1543 1127 1589 tunc
1141 1542 1282 1602 ostendens;
1297 1544 1334 1591 ret
1353 1543 1418 1605 qnod
1431 1547 1518 1593 natura
1532 1546 1638 1595 trnmana
1652 1560 1743 1596 uaesana
1762 1552 1787 1599 el
1805 1563 1855 1599 nou

1069 1631 1227 1690 temperatam
1252 1629 1362 1679 latinam
1385 1644 1470 1693 mpero
1495 1645 1543 1681 non
1564 1635 1646 1695 possit.
1689 1635 1857 1691 Quamobrem

1069 1718 1178 1765 Cnemcn
1188 1718 1343 1778 quoquotum
1355 1717 1459 1780 fugiebat
1469 1731 1507 1778 ea,
1517 1733 1572 1781 qaam
1582 1720 1615 1768 ilii
1627 1722 1736 1770 omnium
1748 1724 1860 1773 maxime

1069 1802 1163 1851 sceau
1174 1803 1308 1864 expetenda
1319 1806 1344 1853 el
1355 1806 1494 1854 suavissima
1505 1805 1663 1855 tormldabitia
1672 1821 1724 1856 esse
1734 1809 1859 1859 existima·

1070 1890 1119 1937 bal.
1152 1891 1294 1940 itiuiiercula
1308 1892 1386 1953 anim,
1401 1905 1457 1954 quae
1476 1893 1601 1954 plorabat,
1616 1908 1663 1943 non
1678 1898 1729 1944 erat
1748 1896 1858 1955 Tirisbe,

1069 1978 1111 2027 sed
1127 1979 1260 2029 Charicles.
1294 1983 1424 2030 ilaautem
1438 1994 1489 2029 sose
1502 1982 1753 2033 reailtiuslrabebant.
1788 1989 1858 2034 l‘ost-

1068 2079 1141 2127 quam
1162 2066 1276 2129 tiryamis
1293 2067 1362 2115 virus
1382 2071 1481 2117 veneral
1499 2068 1523 2117 in
1540 2070 1647 2118 bostium
1666 2074 1809 2132 potestatem
1832 2077 1859 2120 et

1068 2154 1177 2214 captivus
1196 2155 1357 2215 detinebatur,
1373 2155 1450 2204 insuia
1468 2159 1550 2205 aulem
1570 2156 1667 2206 incensa
1685 2158 1763 2206 inerat
1779 2163 1804 2207 et
1820 2159 1861 2207 iu-

1067 2240 1125 2287 cclis
1138 2241 1289 2301 praedonibus
1310 2254 1401 2300 sacua,
1414 2244 1521 2290 caremon
1538 2243 1636 2303 quidem
1648 2247 1672 2293 el
1681 2244 1856 2299 Ttaermuttais.

1067 2328 1164 2377 scutifer
1182 2328 1333 2387 Tiryamidis,
1357 2328 1468 2375 matutini
1486 2328 1566 2376 lacum
1586 2331 1785 2391 transmiserunt,
1805 2347 1858 2394 apua

1068 2412 1207 2460 coraditicne
1220 2415 1281 2459 esset
1295 2411 1421 2472 praelectus
1434 2411 1498 2472 apud
1514 2412 1605 2470 lrostcs,
1619 2414 1774 2473 exploraturi.
1810 2420 1864 2465 Ta·

1068 2500 1190 2548 lisaniam
1205 2498 1250 2545 tuit
1265 2499 1325 2546 ratio
1338 2498 1434 2546 iliorum
1446 2498 1550 2557 itineris,
1562 2500 1641 2560 qualis
1657 2502 1728 2548 antea
1745 2504 1864 2563 resposita

1067 2590 1110 2635 est
1144 2589 1218 2634 t‘orro
1238 2586 1283 2633 soii
1303 2586 1440 2647 'theagenes
1459 2587 1484 2635 et
1503 2586 1629 2635 Chariclea
1648 2587 1672 2634 in
1691 2589 1763 2635 antro
1781 2592 1866 2640 retin-

1066 2677 1183 2734 qnuulur,
1196 2672 1350 2733 praseulium
1359 2672 1523 2722 calamitatum
1534 2673 1605 2722 tinctu
1616 2674 1749 2722 naaainmm
1761 2676 1862 2727 bonum

1066 2761 1222 2809 meliorantes.
1255 2761 1318 2809 'turn
1339 2760 1444 2822 prinlum
1463 2761 1528 2810 enim
1549 2762 1665 2821 seorsim,
1684 2766 1709 2811 et
1728 2765 1795 2812 omni
1813 2769 1864 2825 usai

1066 2847 1197 2897 obturbare
1211 2848 1327 2910 potuisset
1340 2848 1448 2910 liberati,
1460 2861 1543 2898 mcum
1560 2852 1697 2911 sarmatas,
1714 2863 1762 2898 non
1777 2852 1864 2912 irnpe-

1066 2934 1109 2984 diti
1123 2934 1168 2984 toti
1179 2949 1205 2985 se
1217 2934 1384 2997 complexibus
1393 2938 1418 2984 et
1426 2935 1517 2984 meniis
1528 2935 1658 2997 explebant
1669 2938 1693 2984 et
1703 2936 1727 2984 in
1741 2938 1860 2986 oninium

1066 3023 1213 3073 oblivionem
1221 3024 1322 3085 delapsi,
1333 3023 1357 3072 in
1365 3024 1477 3085 amplexu
1488 3022 1711 3073 mutuodiulissime
1721 3024 1860 3085 inserebant,

1067 3112 1143 3161 velun
1158 3111 1182 3160 in
1194 3124 1270 3161 amram
1283 3124 1372 3174 corpus
1381 3112 1539 3171 coaluissent,
1549 3111 1726 3173 castoquidem
1738 3111 1818 3161 adbuc
1829 3121 1861 3164 ut

1068 3197 1155 3260 pudico
1166 3211 1247 3247 amore
1258 3212 1283 3247 se
1295 3199 1421 3258 satiantes,
1433 3198 1536 3247 lacrimis
1547 3200 1628 3247 autem
1641 3199 1746 3248 humidis
1756 3205 1781 3249 et
1796 3201 1859 3250 cali·

1067 3287 1117 3346 dis,
1132 3286 1246 3348 purisque
1259 3288 1354 3335 tanlum
1367 3286 1436 3334 mixti
1447 3285 1544 3335 mcertis.
1578 3286 1670 3335 Etenim
1683 3286 1823 3349 ctrarietea,
1837 3291 1858 3337 si

1068 3373 1127 3435 quid
1136 3374 1286 3434 Tbeagenem
1298 3372 1453 3433 sentientem,
1472 3379 1496 3421 et
1508 3372 1588 3421 decori
1607 3372 1665 3422 tanes
1677 3374 1857 3434 egrediemem,

1067 3464 1189 3520 senserat,
1211 3459 1441 3508 commemoratione
1460 3460 1616 3521 jurisjurandi
1637 3461 1771 3510 coercebat.
1811 3464 1858 3512 lile

1067 3550 1149 3596 aulem
1164 3546 1230 3595 baud
1244 3547 1374 3595 ditticutter
1388 3546 1470 3595 reduci
1482 3560 1513 3596 se⁴
1522 3547 1547 3595 in
1560 3547 1623 3595 riam
1637 3548 1773 3609 patiebatur
1783 3552 1809 3598 el
1824 3551 1856 3598 ad

1068 3635 1257 3684 moderationem
1273 3635 1394 3694 reuocari,
1409 3647 1466 3683 carm
1485 3648 1567 3683 umore
1576 3635 1673 3696 quidem
1685 3636 1792 3695 interior,
1810 3651 1856 3686 vc-

1068 3725 1158 3785 tuplate
1169 3725 1251 3771 antem
1262 3722 1371 3783 superior
1384 3725 1453 3771 esset.
1486 3726 1600 3772 ceterum
1612 3737 1668 3772 cum
1681 3737 1733 3772 sero
1745 3724 1855 3785 landem,

1067 3824 1121 3874 qum
1133 3812 1213 3859 essem
1229 3810 1337 3871 agenda,
1353 3810 1500 3872 cogitarent,
1515 3812 1655 3861 necessitate
1668 3811 1761 3871 οοοοίί,
1780 3826 1807 3861 se
1818 3828 1857 3862 aa·

1068 3898 1139 3947 tialos
1155 3911 1206 3947 essa
1221 3898 1373 3947 statuerunt:
1393 3901 1418 3947 et
1431 3899 1567 3960 Timagenes
1587 3899 1704 3961 epasmodi
1718 3888 1855 3951 orationem
1941 3920 1942 3923 ¹

1067 3999 1166 4035 exorsus
1180 3988 1216 4034 est
1231 4000 1236 4033 :
1252 3987 1284 4034 tit
1305 3988 1390 4034 rnutua
1403 3986 1576 4035 consuetudine
1592 3991 1721 4047 presentes
1736 3988 1855 4048 trusrnur,

1069 4074 1207 4134 Charicles,
1219 4077 1244 4123 et
1261 4074 1306 4122 buc
1321 4086 1506 4136 consequamur,
1520 4073 1584 4135 quod
1596 4073 1709 4123 omnibus
1727 4075 1799 4123 rebus
1811 4091 1856 4124 nn·

1066 4162 1214 4223 teposuimns
1236 4165 1260 4210 et
1275 4165 1372 4224 propter
1392 4161 1457 4223 quod
1475 4161 1556 4209 omnia
1576 4162 1750 4223 sustinuimus,
1765 4167 1790 4212 et
1811 4177 1857 4214 nos

1066 4252 1193 4312 optamus,
1206 4252 1230 4300 el
1242 4250 1275 4298 dii
1287 4250 1417 4300 Graecanici
1435 4250 1564 4311 praebeant.
1599 4249 1669 4312 Atqui
1689 4264 1746 4299 curn
1766 4250 1856 4300 trainia-

1067 4351 1152 4387 narum
1165 4351 1246 4388 rerum
1267 4338 1328 4387 ratio
1346 4338 1377 4387 sit
1394 4338 1510 4388 instabilis
1528 4338 1552 4388 et
1572 4339 1631 4389 alias
1644 4339 1692 4387 alio
1710 4339 1810 4389 inclinet
1830 4345 1855 4389 et

1067 4427 1145 4475 multa
1159 4427 1220 4489 passi
1231 4439 1315 4476 sunaus
1325 4429 1350 4475 et
1364 4427 1442 4475 multa
1453 4440 1590 4488 speramus,
1602 4428 1751 4489 propositum
1763 4430 1802 4477 est
1812 4443 1854 4477 no·

1067 4514 1104 4563 bis
1114 4515 1203 4574 eliani,
1218 4514 1288 4564 sicuti
1302 4513 1365 4577 pacti
1378 4528 1462 4564 sumans
1477 4528 1533 4563 cunr
1554 4517 1691 4575 Cnemone,
1706 4517 1806 4564 omuino
1824 4517 1853 4565 ιιιί

1067 4600 1194 4651 Giscmmiu
1211 4614 1297 4663 pagrum
1318 4614 1459 4663 properare,
1476 4603 1529 4650 lum
1542 4602 1661 4651 incertum
1673 4606 1726 4663 est,
1739 4616 1796 4665 ιμιω
1812 4617 1855 4652 aros

1068 4691 1164 4739 torinna
1177 4690 1207 4739 sil
1219 4692 1349 4751 exceptura
1363 4692 1387 4739 et
1401 4702 1514 4751 magnum
1527 4690 1734 4753 immensumque,
1746 4693 1775 4740 ut
1790 4691 1854 4739 vide·

1067 4776 1324 4837 tur‚1nterratlumad
1345 4779 1432 4826 terram
1439 4791 1515 4840 ,qaam
1536 4782 1668 4840 speratura
1683 4778 1765 4837 nobis,
1776 4780 1853 4827 conta·

1068 4864 1180 4913 ciendum
1194 4866 1282 4912 restat.
1299 4867 1431 4926 egenulae
1442 4867 1730 4928 aliquascomponamns,
1742 4880 1784 4929 prr
1795 4880 1854 4928 qiam

1067 4955 1092 5001 el
1104 4954 1232 5013 praesentes
1242 4966 1330 5000 arcana
1342 4965 1513 5015 cognoscemus
1523 4958 1548 5003 el
1562 4955 1583 5003 si
1594 4955 1724 5015 attestando
1735 4958 1762 5003 ul
1773 4954 1855 5015 sejam

1067 5053 1151 5103 garum
1169 5040 1294 5099 acciderit,
1316 5041 1426 5091 absentes
1445 5057 1489 5091 rios
1503 5042 1659 5104 exquiramus
1680 5046 1856 5092 mutuatio

1069 5142 1126 5176 ιιιιιιι
1150 5131 1185 5176 est
1208 5126 1271 5176 enim
1293 5129 1380 5178 erroris
1397 5131 1579 5192 ιοιιηιιινιίίοιιι.
1599 5132 1731 5180 annnorum
1751 5136 1852 5187 imaue

1068 5231 1122 5277 ιμιιυ
1138 5216 1191 5263 larsa
1194 5216 1280 5265 aillamis
1293 5232 1362 5265 (arasa
1377 5233 1403 5264 a
1396 5232 1457 5267 sara
1458 5222 1511 5265 ιΙινι
