3866 5956
271 428 331 485 620
862 419 914 482 Du
934 419 1154 485 aeottotuo
1175 424 1295 486 Trete

268 555 337 620 petu
355 541 430 599 sacto
445 539 584 598 adversus
598 538 740 617 puellam,
755 539 852 598 crines
867 539 932 617 ejus
950 560 1053 620 appre·
1101 564 1161 604 cut.
1197 564 1261 603 rao.
1288 564 1447 603 amancio.
1474 562 1682 604 carnisumis.
1723 567 1774 605 nx.
1819 569 1878 607 aar.

268 637 385 710 hendit,
397 650 426 695 et
440 636 530 694 traxit
543 636 579 693 ad
594 635 685 695 littus.
696 634 738 692 lit
753 635 822 693 dum
838 635 925 694 vellet
938 655 1000 694 earn
1012 638 1054 694 in·
1100 662 1234 700 ortamno.
1254 660 1367 700 nonna.
1382 662 1544 699 nsossvnr.

268 733 415 800 ter-ficere,
438 732 480 789 ait
499 730 595 808 puella
610 752 617 787 ι
635 728 817 806 'l'heopbile,
831 730 903 806 quid
917 732 1052 808 peccavi,
1375 772 1457 841 CM,
1494 775 1587 841 XXX

266 826 513 885 utdemanutua
530 823 658 884 moriarl
674 823 797 883 Villicus
819 825 885 881 ait:
909 823 955 882 'l'u
978 823 1052 883 nibil
1462 825 1470 840 ⁸
1594 826 1602 840 ‘

239 946 252 984 s
267 921 409 996 peccasti,
427 918 477 978 sed
491 931 575 997 pater
587 930 654 976 tuus
667 917 858 996 Apollonius,
874 918 926 995 qui
946 930 1052 977 tecum
1139 906 1253 968 luteres
1265 910 1385 988 Pll'flloer
1407 929 1472 988 <11¹ae
1491 910 1517 968 Τ
1519 911 1624 970 mim
1638 926 1818 990 ”llllffllllls
1832 915 1882 973 dl·

266 1034 371 1092 magna
384 1014 739 1093 pecuniaetornamentis
756 1014 904 1089 regalibus
918 1015 1050 1092 reliquit.
1100 1018 1244 1063 venerunt
1273 1007 1305 1063 ln
1332 1007 1480 1065 civilatem
1514 1006 1685 1085 Mitylenen.
1720 1010 1881 1088 Deposito

264 1110 300 1167 m
313 1109 411 1187 puella
425 1110 589 1187 lacrymans
606 1108 648 1166 ait
667 1107 712 1166 illi
727 1128 734 1163 z
755 1108 843 1180 Peto,
857 1108 991 1181 domine,
1004 1122 1051 1182 ut,
1098 1098 1202 1158 'farsia
1220 1100 1348 1170 venellb
1363 1112 1392 1159 θῑ
1406 1102 1482 1160 lule?
1494 1113 1599 1160 caelerll
1615 1103 1763 1182 mancipia
1777 1123 1901 1182 propo-⁵

265 1207 291 1265 si
300 1204 362 1282 jam
378 1204 459 1263 nulla
476 1223 542 1282 spes
554 1216 598 1262 est
609 1202 675 1260 vitae
686 1222 767 1274 meae,
784 1203 943 1261 Dominum
953 1202 965 1225 '
976 1203 1050 1263 milri
1099 1194 1190 1254 nitur.
1200 1192 1347 1254 Etvidens
1357 1214 1419 1253 eam
1436 1197 1518 1271 leno,
1531 1196 1681 1257 lenonius
1694 1200 1827 1276 nomine,
1837 1220 1880 1258 cu·

266 1300 364 1358 testari
377 1311 404 1357 et
416 1298 531 1376 precari
542 1297 703 1376 permittas.
714 1296 837 1356 villicus
846 1298 887 1355 ait
901 1318 908 1354 z
920 1296 1050 1371 'l'estare;
1097 1288 1285 1366 Pldlsslmlss,
1301 1309 1355 1349 nec
1367 1293 1417 1350 tit·
1430 1310 1483 1349 nec
1497 1291 1620 1365 femine,
1637 1297 1817 1352 contendere
1830 1315 1881 1352 co·

228 1393 344 1451 rollens
361 1391 440 1449 enim
459 1391 513 1449 scit
536 1408 583 1447 me
602 1401 733 1448 coactum
756 1389 811 1447 hoc
825 1408 889 1449 esse
910 1389 1052 1450 facturum
1098 1385 1157 1463 pit,
1175 1397 1208 1444 ut
1227 1405 1290 1444 eam
1309 1400 1428 1445 emeret.
1444 1386 1501 1445 Sed
1517 1389 1732 1465 Antinagoras,
1749 1391 1881 1467 princeps

265 1487 370 1545 scelus.
494 1554 500 1563 Ι
1097 1480 1225 1539 civitatis
1238 1480 1387 1558 ejusdem,
1404 1481 1572 1558 intelligens
1587 1481 1719 1543 nobilem
1733 1497 1763 1542 et
1776 1486 1881 1563 specio·

529 1612 612 1679 CM,
660 1612 771 1678 XXIX
1097 1593 1159 1633 sam
1175 1576 1317 1653 puellam,
1339 1575 1447 1635 obtulit
1463 1596 1567 1654 proca
1587 1576 1613 1635 X
1635 1578 1776 1638 sestertia
1789 1598 1879 1637 aurea.
1891 1595 1908 1632 n

617 1662 625 1677 ⁰
776 1663 784 1678 ⁰
1097 1668 1177 1727 leno
1199 1670 1241 1728 ait
1263 1691 1270 1727 :
1295 1669 1356 1747 Ego
1377 1668 1454 1728 dabo
1474 1669 1537 1732 xx.
1563 1671 1762 1748 Antiuagoras
1782 1672 1882 1732 obtulit

306 1761 363 1820 Sed
373 1781 438 1820 cum
446 1760 545 1839 puella
554 1760 646 1818 Deum
655 1772 834 1838 precaretur,
843 1758 942 1818 subito
949 1758 1052 1837 pirate
1097 1765 1191 1839 XXX3
1207 1767 1274 1825 leno
1291 1765 1358 1840 xm
1372 1768 1565 1843 Antinagoras
1581 1767 1621 1841 L,
1638 1768 1706 1827 leno
1722 1769 1790 1842 Lx,
1803 1770 1879 1827 Ami.

265 1871 481 1937 apparuerunt3
494 1870 522 1916 et
534 1856 666 1915 videntes
680 1856 806 1933 puellam
819 1853 959 1933 subjugo
973 1873 1052 1913 rnor-
1098 1881 1221 1938 nagor-as
1235 1862 1342 1921 obtulit
1362 1862 1454 1935 Lxx3
1471 1862 1538 1921 leno
1560 1862 1676 1933 tulitin
1692 1865 1881 1940 Antinagoras

229 1966 253 2004 ¹⁶
267 1956 304 2012 tis
318 1967 410 2030 stare,
426 1952 663 2010 exclamaverunt
674 1950 804 2009 dicentes
820 1972 826 2007 :
843 1949 1053 2040 crudelissime
1098 1958 1205 2017 obtulit
1219 1957 1365 2038 Lxxxx3
1376 1959 1443 2018 leno
1460 1958 1510 2017 dat
1523 1958 1564 2031 c,
1580 1960 1681 2018 dicen,
1695 1980 1702 2017 :
1716 1960 1745 2018 si
1759 1962 1827 2039 qui,
1837 1980 1880 2019 m.

266 2046 408 2119 barbare,
423 2065 528 2126 ΡΜ,
547 2057 579 2103 ω
592 2045 644 2123 <1¹¹i
660 2044 768 2103 sellum
784 2057 875 2105 lellffi·
893 2044 959 2102 ΗΜ
972 2045 1050 2102 essim
1097 2052 1280 2131 perdederit,
1295 2053 1387 2131 egox
1402 2052 1578 2133 superdabo.
1593 2053 1678 2112 Tunc
1689 2055 1878 2131 Antinagoras
1890 2075 1906 2112 ts

265 2144 366 2223 preda
384 2157 484 2203 nostra
495 2156 630 2213 est,·non
642 2154 691 2200 tua
705 2142 834 2200 victima.
848 2140 979 2212 villicus,
1003 2161 1052 2200 ro·
1096 2149 1156 2205 ait:
1168 2147 1241 2224 Ego,
1254 2150 1354 2208 sicum
1365 2149 1422 2207 isto
1434 2149 1540 2208 lenone
1551 2147 1743 2225 contendero,
1757 2162 1790 2207 ut
1800 2168 1877 2207 unam

265 2241 349 2299 cibus
372 2242 532 2318 piratarum
547 2239 680 2310 territus,
696 2237 770 2313 sugit
789 2250 855 2315 post
874 2256 1050 2296 mouumen—
1096 2259 1207 2323 emam,
1232 2244 1334 2323 plures
1355 2244 1529 2304 venditurus
1548 2263 1624 2304 sum.
1647 2242 1704 2301 Sed
1718 2247 1877 2322 permittam

265 2348 337 2393 turn.
352 2334 497 2413 Etpiratae
507 2334 687 2412 applicantes
698 2331 734 2391 ad
747 2332 981 2402 littus,ltulerunt
990 2351 1051 2389 vrr
1096 2354 1163 2395 eum
1185 2357 1297 2412 omem
1313 2352 1342 2399 et
1359 2360 1425 2399 cum
1442 2358 1505 2398 eam
1527 2339 1558 2397 in
1577 2338 1713 2417 lupanari
1735 2341 1876 2407 statuerit,
1928 2336 1929 2415 l

227 2430 362 2505 arginem
385 2444 414 2489 et
430 2431 488 2489 alta
510 2429 605 2508 pelagi
637 2429 794 2507 petierunt.
817 2427 958 2500 Villicus,
984 2442 1053 2506 post
1097 2430 1213 2490 intrabo
1227 2434 1324 2511 prior,
1337 2446 1367 2492 et
1379 2453 1434 2510 ego
1447 2434 1575 2511 eripiam
1591 2434 1794 2509 virginitatem
1806 2434 1877 2512 ejus,

263 2546 388 2600 moram,
398 2528 487 2602 exiit5
500 2540 529 2585 et
539 2526 642 2585 ridens
652 2525 780 2603 puellam
792 2536 904 2603 raptam
917 2543 934 2582 a
947 2537 1051 2602 morte,
1096 2537 1125 2584 et
1138 2527 1196 2584 erit
1207 2527 1281 2587 mihi
1295 2528 1419 2606 perinde
1430 2548 1463 2587 ac
1474 2527 1500 2586 si
1512 2547 1576 2585 eam
1586 2546 1816 2604 comparassem.
1829 2528 1877 2585 td·
1890 2549 1907 2583 s

265 2621 373 2696 gratias
391 2623 453 2698 egit
475 2623 553 2698 beo,
577 2619 658 2697 quod
679 2640 738 2678 non
761 2619 876 2679 lecisset
898 2619 1008 2690 scelus3
1024 2633 1053 2678 et
1097 2619 1214 2681 ducitur
1226 2624 1324 2700 puella
1338 2624 1454 2697 lenoni3
1474 2636 1644 2682 numeratur
1654 2624 1801 2701 pecunia3
1820 2644 1877 2702 per·

265 2736 400 2777 reversus
424 2718 461 2777 ad
482 2718 649 2777 sceleratam
670 2715 840 2787 mulierem,
865 2715 906 2773 ait
931 2736 938 2771 ε
966 2714 1052 2784 Quod
1098 2711 1217 2773 ducitur
1228 2716 1420 2789 inldornnm,
1436 2717 1525 2775 intrat
1539 2716 1572 2774 in
1585 2716 1824 2791 salutatorium',
1833 2716 1877 2776 ubi

265 2813 447 2891 praecepisti,
470 2812 604 2882 domina,
629 2811 735 2869 lactum
760 2822 820 2881 est;
839 2809 953 2887 comple
974 2808 1053 2887 quod
1099 2809 1165 2867 leno
1180 2812 1316 2891 Priapum
1331 2811 1778 2890 exauroetgemmishabebat,
1799 2815 1875 2872 erait

127 2940 131 2947 ·
225 2922 253 2960 m
264 2907 439 2987 promisisti.
452 2908 489 2968 Et
500 2906 639 2965 scelerata
650 2904 756 2963 mulier
768 2905 830 2963 ait:
846 2902 925 2973 Quid
938 2921 1051 2975 narras,
1098 2901 1208 2963 Tarsia
1229 2926 1235 2963 :
1255 2905 1352 2967 Adora
1365 2925 1473 2964 numen
1493 2905 1772 2982 praesentissimum.
1788 2906 1881 2964 Puella

266 3003 340 3062 latro
354 3002 498 3082 pessime?
512 3000 703 3062 homicidium
721 2998 834 3069 iecisti,
847 3011 877 3056 et
891 2996 1051 3056 libertatem
1098 2998 1139 3056 ait
1160 3020 1167 3057 z
1194 2999 1348 3078 Nunquam
1369 3000 1490 3060 adoravi
1510 3000 1567 3058 tale
1587 3019 1714 3077 numen,
1740 2999 1906 3077 numquids

271 3100 395 3179 quaeris!
424 3099 580 3158 llerertere
608 3099 640 3157 in
664 3097 785 3165 villam,
809 3107 838 3153 ct
868 3112 945 3172 opus
970 3106 1052 3151 tuum
1098 3093 1880 3173 civislampsacenusestuilenoait:QuarelPuclla

269 3195 328 3266 sac,
342 3213 380 3252 ne
390 3196 495 3252 iratum
511 3193 662 3252 dominum
675 3204 705 3250 et
715 3190 849 3249 dominas
861 3188 979 3247 sentias.
992 3184 1053 3245 Vil-
1098 3187 1141 3245 ait
1162 3209 1169 3247 :
1194 3189 1273 3259 Quia
1294 3189 1483 3267 lampsaceni
1507 3189 1588 3247 cives
1610 3189 1752 3267 Priapum
1777 3192 1878 3249 colunt.

270 3290 345 3348 licus
357 3290 529 3367 aporiatus*
541 3287 619 3363 ibat,
630 3299 659 3345 et
678 3287 796 3345 elevans
811 3303 929 3343 manum
941 3283 978 3341 ad
992 3285 1054 3344 Do·
1099 3280 1179 3340 leno
1195 3284 1258 3346 ait:
1275 3283 1412 3361 lgnoras,
1428 3283 1550 3355 misera,
1566 3283 1637 3360 quia
1656 3283 1688 3339 in
1703 3281 1824 3342 domum
1840 3282 1880 3340 in·

221 3404 249 3444 ac
267 3386 378 3443 minum
393 3405 400 3440 :
412 3384 553 3455 Domine,
566 3397 598 3442 tu
610 3383 668 3442 scis
680 3382 823 3460 quianon
835 3379 889 3438 leci
902 3379 981 3438 istud
992 3397 1053 3438 sce·
1098 3379 1196 3438 cidisti
1215 3381 1330 3440 lenonis
1349 3393 1379 3439 et
1392 3380 1491 3439 avari?
1503 3379 1623 3455 Puella,
1633 3391 1666 3437 ut
1677 3378 1807 3449 audivit,
1822 3391 1876 3437 toto

265 3481 328 3551 lus;
340 3491 402 3538 esto
412 3479 504 3557 judex
516 3481 548 3538 iu
561 3479 615 3537 hac
627 3496 727 3537 causa.
745 3475 780 3534 Et
791 3475 880 3534 rediit
890 3474 927 3532 ad
939 3475 1052 3533 villam.
1098 3494 1222 3553 corpore
1235 3476 1425 3548 contremuit,
1448 3488 1478 3534 et
1496 3487 1643 3553 prostrata
1661 3474 1791 3553 pedibus
1808 3475 1879 3553 rjus,
1889 3492 1907 3529 s

265 3575 388 3633 Postera
405 3592 477 3631 vero
491 3572 555 3645 die,
572 3572 669 3651 prima
680 3570 762 3641 luce,
780 3570 921 3628 scelerata
934 3569 1052 3641 mulier,
1099 3570 1175 3629 dixit
1197 3594 1204 3629 ε
1228 3571 1380 3642 Miserere,
1407 3570 1543 3644 domine;
1560 3589 1699 3630 succurre
1722 3569 1879 3649 virginitati
1927 3556 1928 3605 l

266 3669 426 3728 admissum
447 3667 560 3726 facinus
582 3665 701 3725 insidiis
713 3678 742 3723 et
755 3663 867 3753 'fraude
884 3665 987 3723 rolens
1005 3684 1052 3722 oe·
1099 3684 1184 3744 meas,
1198 3679 1228 3724 et
1241 3686 1362 3743 ragone
1372 3667 1448 3725 velis
1458 3666 1515 3724 hoc
1531 3682 1639 3744 corpus
1653 3683 1749 3723 meum
1763 3664 1879 3724 subtam

266 3766 344 3838 lare,
361 3763 485 3823 famulos
498 3763 579 3822 misit
588 3762 625 3820 ad
636 3760 784 3819 vocandos
797 3760 917 3820 amicos.
932 3759 1054 3829 Quive·
1099 3763 1180 3838 turpi
1196 3761 1283 3819 titulo
1305 3762 1495 3840 prostituere.
1510 3758 1592 3818 leno
1605 3761 1667 3817 ait:
1686 3757 1766 3817 leva
1780 3773 1819 3833 te,
1832 3759 1877 3816 mi·
1927 3762 1928 3767 ’

221 3873 247 3911 tc
267 3861 381 3921 nientes
390 3858 595 3919 consederunt.
606 3856 691 3916 Tunc
703 3856 841 3914 scelerata
852 3853 958 3912 mulier
970 3854 1054 3930 lugu·
1100 3875 1183 3929 sera,
1200 3858 1295 3916 nescis
1307 3857 1378 3935 quia
1391 3855 1469 3934 apud
1481 3866 1621 3913 tortorem
1633 3866 1663 3912 et
1677 3855 1815 3913 lenonem
1831 3871 1878 3912 uec

267 3956 371 4016 bribus
393 3955 525 4017 vestibus
547 3953 742 4024 circumdata,
764 3950 882 4009 laniatis
903 3950 1052 4023 crinibus,
1100 3970 1200 4030 preces
1213 3971 1266 4010 nec
1277 3952 1416 4029 lacrymae
1428 3950 1548 4015 valenti
1567 3947 1604 4007 Et
1615 3950 1733 4007 vocavit
1747 3950 1786 4008 ad
1799 3969 1829 4008 se
1840 3955 1905 4005 cull

267 4053 347 4111 nudo
361 4065 391 4111 et
410 4052 505 4111 livido
526 4064 644 4129 pectore
665 4049 815 4107 affirmans
828 4048 963 4119 dolores,
981 4048 1055 4106 exiit
1100 4044 1211 4104 stndcm
1225 4044 1407 4125 puellarum,
1427 4055 1457 4101 et
1476 4043 1518 4101 ait
1538 4060 1547 4101 t
1568 4039 1736 4113 Amiante⁸,
1760 4041 1834 4100 vade
1848 4037 1878 4096 ad
1927 4032 1928 4047 ¹

267 4145 304 4203 de
324 4143 477 4218 cubiculo,
499 4159 529 4203 et
552 4145 633 4204 fictas
651 4142 776 4201 lundens
797 4143 958 4219 lacrymas,
981 4142 1022 4200 ait
1044 4163 1052 4200 ι
1100 4141 1200 4201 cellam
1216 4141 1267 4200 ubi
1291 4141 1402 4200 Briseis
1422 4140 1517 4210 stetit3
1538 4149 1568 4197 et
1585 4139 1641 4197 ista
1653 4136 1754 4214 puella
1767 4149 1879 4196 ornetur

268 4240 363 4298 Amici
371 4239 654 4312 fidelissimi,scitote
661 4238 794 4297 Tarsiam
803 4236 954 4315 Apollonii
961 4236 1052 4294 liliam
1100 4237 1271 4314 diligenter,
1287 4249 1316 4295 et
1329 4234 1432 4294 titulus
1445 4233 1602 4293 scribatur.
1617 4232 1676 4301 Qut
1688 4229 1714 4287 'l'
1714 4232 1822 4290 arsiam
1835 4230 1877 4288 de·

224 4346 251 4386 m
268 4335 403 4394 hesterna
415 4334 479 4406 die,
492 4333 645 4393 subitaneo
655 4333 758 4391 dolore
771 4331 924 4407 stomachi,
938 4333 971 4389 in
983 4332 1055 4391 villa
1101 4335 1251 4409 virginare
1265 4333 1410 4403 volucrit,
1423 4330 1576 4389 dimidiam
1588 4329 1654 4389 auri
1668 4327 1777 4387 libram
1791 4326 1865 4387 dabit
1870 4347 1878 4397 3

267 4430 438 4491 suburbana
450 4450 513 4490 esse
523 4430 705 4500 defunctam,
719 4447 824 4506 meque
835 4445 898 4486 eam
913 4426 1056 4487 honestis·
1100 4441 1201 4506 postea
1221 4428 1345 4504 singulis
1369 4426 1465 4485 aureis
1488 4425 1600 4503 populo
1622 4421 1744 4502 patebit.
1767 4422 1801 4481 Et
1821 4421 1907 4479 serite

266 4528 344 4587 simo
360 4527 461 4585 limera
480 4525 628 4585 extulisse.
649 4525 758 4582 Omnes
778 4524 866 4600 reroj,
881 4541 919 4579 ex
936 4523 1055 4579 anima-
1101 4536 1196 4583 custos
1207 4522 1441 4582 Amiantussicut
1451 4519 1541 4598 jussit
1552 4518 1691 4577 dominus
1699 4517 1777 4595 ejus.
1788 4517 1878 4577 Tertia

268 4624 347 4682 tione
361 4642 529 4682 sermonum
539 4634 569 4681 et
581 4640 618 4679 ex
629 4620 744 4692 habitu,
757 4631 786 4677 et
798 4615 975 4695 lugubribus
989 4636 1054 4677 res·
1100 4640 1170 4679 vero
1182 4619 1245 4693 die,
1262 4618 1383 4693 Tarsia,
1396 4614 1634 4675 antecedentibus
1652 4612 1749 4672 turbis
1768 4625 1797 4671 et
1807 4630 1878 4689 sym·

269 4717 384 4777 tibuset
398 4715 551 4776 fallacibus
561 4716 700 4793 lacrymis
712 4714 836 4784 seducti,
851 4710 1051 4774 crediderunt.
1101 4715 1271 4794 phouiacis,
1286 4713 1404 4772 ducitur
1418 4711 1455 4770 ad
1472 4711 1607 4789 lupanar.
1623 4708 1679 4767 Sed
1693 4708 1878 4782 Annuagras

225 4822 252 4862 ⁴⁸
268 4814 389 4872 Postera
402 4812 462 4886 die,
475 4813 585 4892 placuit
596 4811 742 4870 universis
753 4809 855 4889 patriae
868 4807 1055 4886 principibus
1101 4830 1153 4869 rex
1168 4809 1252 4888 prior
1270 4808 1373 4880 assuit3
1389 4819 1419 4865 et
1434 4805 1528 4864 velato
1543 4804 1637 4882 capite
1650 4803 1776 4880 lupanar
1789 4803 1878 4876 inps

269 4906 309 4966 cb
331 4910 435 4967 merita
456 4920 485 4967 et
508 4906 651 4966 beneficia
672 4905 838 4983 Apollonii,
858 4903 928 4961 filiae
944 4902 1010 4979 ejus
1023 4903 1055 4961 in
1101 4903 1192 4962 ditur.
1212 4901 1351 4961 lutroirit
1367 4901 1398 4958 in
1420 4899 1522 4958 cellam
1538 4910 1567 4956 et
1582 4895 1658 4955 sedit
1672 4913 1761 4973 super
1782 4893 1905 4951 lectumll

271 5003 368 5060 littore
380 5002 444 5063 fieri
457 5004 600 5062 tumulum
613 5021 650 5060 ex
661 5020 719 5061 aere
732 5001 850 5077 collato,
865 5019 925 5058 uon
936 4997 1024 5074 longe
1037 5017 1054 5056 a
1101 4994 1219 5074 puellae,
1239 5007 1268 5052 et
1289 4994 1399 5053 ostium
1424 4991 1538 5051 clausis
1559 4989 1661 5049 l‘uella
1681 4987 1836 5067 procidens
1847 4978 1877 5039 ad

270 5112 460 5158 monumento
480 5098 636 5177 Lycoridis
656 5098 782 5157 nutricis
804 5096 882 5174 ejus.
904 5094 1052 5173 Scriptum
1100 5090 1189 5170 pedes
1201 5087 1281 5167 ejus,
1295 5090 1356 5148 ait:
1374 5088 1513 5146 Miserere
1533 5085 1609 5161 mei,
1621 5083 1758 5155 domine,
1773 5098 1825 5157 per
1833 5075 1874 5154 jc·

270 5205 314 5254 cst
328 5195 359 5253 in
374 5193 460 5253 titulo
477 5198 520 5253 sic
537 5213 673 5256 transm
684 5213 810 5253 vracnn.
825 5208 986 5251 immonis.
1010 5210 1055 5247 rr·
1100 5198 1249 5247 rentutem
1259 5198 1371 5245 tuamet
1382 5203 1436 5265 per
1447 5179 1675 5243 Deumriruml
1688 5193 1716 5239 tc
1726 5176 1875 5255 adjurome
