3866 5956
837 435 1020 498 uuolton.

110 571 190 644 bat,
215 582 244 630 et
269 568 429 648 respiciens
454 567 490 625 ad
515 586 601 641 cum,
618 565 808 643 'gubernator
837 568 906 628 ait:

121 668 253 726 Domine
265 664 424 744 Apolloni,
436 663 579 741 numquid
594 664 631 722 de
644 676 705 722 arte
718 683 782 722 mea
795 665 907 743 aliquid

120 765 254 823 vereris?
274 761 435 841 Respondit
448 760 624 838 Apollonius
639 780 646 816 ε
663 759 857 838 ligoquidem
871 760 908 819 dc

120 872 186 917 arte
204 872 255 919 tua
274 877 335 916 non
348 875 472 927 vereor,
487 853 539 913 sed
554 853 591 915 de
604 867 666 916 arte
679 855 814 914 Antiochi
829 855 907 931 regis

70 977 90 1018 ι
119 972 238 1014 vereor.
256 950 337 1012 intra
353 952 451 1028 itaque
465 950 607 1009 interiora
623 950 737 1028 pelagi3
756 968 809 1009 rex
828 951 907 1008 enim

122 1050 243 1127 longam
266 1048 356 1107 habet
368 1067 502 1121 manum3
523 1048 603 1126 quod
616 1048 680 1107 vult
696 1032 807 1120 110010,
825 1049 909 1127 perli-

121 1147 203 1220 ciet,
217 1159 247 1205 et
260 1165 366 1205 vereor
383 1165 420 1205 10
433 1165 480 1203 mc
499 1158 702 1224 persequatur.
722 1144 908 1204 Gubernator

121 1245 188 1302 nit:
208 1247 296 1302 Arma
308 1244 438 1323 paranda
453 1241 556 1315 nobis;
570 1243 650 1301 littus
660 1241 764 1314 Tarsi,
782 1241 908 1301 Tarsum

119 1353 259 1418 pommus
280 1362 289 1412 ;
311 1338 398 1398 Tarsi
417 1350 461 1397 est
481 1337 568 1396 nobis
591 1349 696 1396 ventus
723 1337 907 1415 tranquillus.

74 1454 107 1493 ro
123 1433 307 1512 Apollonius
316 1434 376 1492 ait:
392 1433 510 1493 Eamus.
522 1431 624 1506 Etsic,
639 1431 698 1490 Deo
712 1431 907 1508 gubernante,

121 1529 271 1608 applicuit
284 1527 469 1608 Apollonius.

408 1696 503 1764 CAP.
532 1694 626 1762 Vlll.

166 1841 218 1916 Et,
230 1843 301 1902 dum
313 1842 475 1902 ambularet
486 1842 518 1901 iu
532 1841 651 1913 littore,
663 1841 747 1899 visus
760 1852 803 1898 est
813 1859 830 1897 a
841 1858 911 1917 quo-

123 1938 196 1997 dam
222 1938 289 1997 cire
313 1957 385 2011 suo,
402 1937 553 1996 llellanico
576 1937 713 2009 nornine,
736 1934 788 2011 qui
808 1934 909 1993 eodem

125 2043 358 2109 supervenerat3
379 2043 409 2089 et
423 2029 562 2089 accedens
578 2029 615 2089 ad
633 2048 718 2100 eum,
743 2021 911 2087 Hellanicus

77 2155 106 2195 ι,
125 2128 169 2186 ait
185 2148 193 2184 z
210 2128 289 2205 Aac,
303 2127 421 2186 domine
435 2126 584 2205 Apolloni.
600 2127 639 2185 At
663 2125 731 2195 ille,
749 2124 907 2196 salutatus,

128 2224 198 2282 lecit
211 2222 301 2297 sicut,
320 2236 436 2301 potens,
449 2234 639 2281 consueverat
655 2220 748 2279 iacere
771 2240 778 2276 z
798 2220 911 2298 sprevit

127 2316 290 2379 hominem.
311 2316 349 2376 Et
370 2317 539 2393 indignatus
557 2337 563 2373 :
581 2316 662 2389 Ave,
685 2314 800 2393 inquit,
821 2314 910 2393 Apol·

126 2412 190 2473 loni
202 2431 270 2485 101,
281 2423 310 2469 10
320 2412 467 2484 111010;01
477 2410 627 2489 despicere
636 2409 699 2469 noli
713 2421 909 2489 paupertatem

127 2509 259 2567 honestis
279 2507 411 2567 moribus
433 2508 617 2578 1000111111
646 2519 675 2565 01
698 2505 766 2565 audi
790 2505 910 2563 forsitan

79 2624 113 2665 so
127 2605 211 2682 quod
222 2604 318 2664 nescis
332 2624 339 2661 s
357 2602 544 2682 Proscriptus
557 2621 599 2661 es.
614 2600 788 2679 Apollonius
799 2601 840 2658 ait
857 2598 911 2659 :Et
964 2598 971 2605 '

126 2700 230 2779 patriae
243 2699 406 2778 principem
426 2700 493 2776 quis
508 2698 604 2776 potuit
623 2695 827 2776 proscribere?
842 2695 911 2753 llel·

127 2798 244 2855 lanicua
255 2797 316 2855 ait:
333 2796 395 2854 Rex
403 2794 575 2854 Antiochus.
587 2793 763 2871 Apollonius
777 2791 818 2850 ait
828 2809 836 2847 ε
847 2791 912 2861 Qua

126 2892 282 2951 excausa?
295 2890 464 2949 llellanicus
475 2889 517 2948 ait
530 2911 538 2947 1
549 2890 658 2959 Quare,
671 2886 751 2965 quod
763 2899 844 2966 pater
856 2900 910 2960 est,

128 3005 193 3047 esse
207 2986 339 3046 voluisti.
353 2984 390 3044 Et
400 2985 501 3064 quanti
514 3004 578 3043 aurn
594 2982 798 3060 proscriptus?
810 2981 912 3040 110111-

82 3095 114 3135 11
130 3081 215 3139 nicus
232 3099 320 3140 senex
337 3080 379 3139 ait
398 3101 406 3138 ε
423 3079 462 3138 111
475 3079 653 3157 quicumque
668 3091 697 3135 te
712 3077 813 3135 vivum
827 3076 912 3136 exhi·

128 3174 245 3251 buerit,
263 3174 389 3252 accipiat
406 3173 550 3232 Ltaleuta
564 3172 645 3244 auri3
660 3172 686 3230 si
700 3171 768 3249 quis
781 3189 853 3229 vero
866 3190 913 3229 ca·

128 3284 184 3350 put
196 3283 279 3330 tuum
293 3272 322 3329 ei
339 3269 494 3341 obtulerit,
510 3282 624 3328 centum
646 3268 778 3348 accipias
793 3267 911 3346 ltaque,

129 3384 237 3424 rnoneo
248 3378 292 3439 te,
309 3367 393 3441 iuge3
404 3365 576 3443 presidium
588 3363 703 3421 manda.
717 3362 800 3421 Dixit
811 3374 841 3422 et
850 3365 914 3422 sine

129 3481 216 3521 ruora
234 3462 378 3522 discessit.
393 3460 420 3519 'l'
421 3481 487 3520 unc·
491 3461 581 3540 jussit
594 3460 768 3539 Apollonius
781 3473 914 3537 rogatum

85 3580 116 3619 ao
129 3575 231 3616 senem
251 3556 384 3615 revocari
407 3556 561 3637 protinua;
585 3567 614 3614 et
632 3554 722 3632 jussit
740 3567 854 3613 centurn
873 3569 915 3614 ta·

129 3654 211 3711 lenta
228 3653 292 3712 auri
306 3653 334 3711 ei
357 3652 433 3714 dari.
458 3650 513 3710 Cui
533 3655 594 3710 ait:
623 3650 877 3710 Reverendissime
889 3655 913 3725 ',

129 3747 266 3825 exemplo
277 3765 439 3825 pauperum
454 3747 648 3825 accipe,quia
657 3746 794 3819 mereria;
805 3757 834 3805 et
846 3760 915 3825 puta

130 3857 160 3901 te
173 3843 247 3903 mihi
261 3856 377 3922 caputa
391 3842 558 3902 cervicibus
574 3854 756 3920 amputasse,
771 3856 800 3901 et
814 3857 914 3921 pertu-

131 3940 203 4000 lisse
211 3941 350 4016 gaudium
362 3941 434 4017 regi.
444 3940 516 3999 Ecce
524 3938 614 3998 habes
623 3939 750 4017 pretium
761 3938 785 3998 C
796 3939 914 4018 talenta,

88 4054 118 4094 aa
131 4048 162 4093 et
173 4054 277 4095 manus
293 4055 383 4115 puras
394 4035 563 4111 asanguine
571 4034 748 4094 innocentis.
761 4032 815 4093 Cui
828 4054 915 4094 sonex

132 4130 175 4189 ait
191 4150 198 4188 ε
216 4130 317 4205 Absit,
330 4131 461 4204 domine,
473 4143 506 4190 ut
516 4130 604 4208 hujus
612 4131 656 4190 rei
666 4150 752 4190 causa
763 4132 915 4211 praemium

132 4225 286 4303 accipiam.
307 4225 394 4305 Apud
412 4226 491 4285 enim
512 4225 609 4285 bonos
632 4225 767 4285 laomines
788 4227 917 4286 amicitia

133 4340 194 4380 non
208 4335 394 4401 comparatur
406 4321 548 4399 pecunia,
559 4322 610 4382 sed
624 4321 800 4382 innocentia.

434 4488 526 4557 CAP.
553 4489 612 4555 tx.

173 4627 211 4686 Et
225 4626 391 4687 valedicens
402 4628 449 4701 ei,
462 4628 597 4700 recessit;
610 4640 640 4686 et
647 4627 808 4706 respiciens
827 4628 916 4706 Apol-

89 4743 121 4786 10
134 4722 233 4782 lonius
247 4722 323 4782 vidit
336 4722 374 4781 ad
394 4742 425 4782 se
442 4723 608 4782 venientem
627 4736 729 4781 notum
743 4722 802 4781 sihi
823 4723 917 4782 horni-

133 4838 218 4893 nem,
233 4830 337 4877 moesto
352 4819 456 4891 vultu,
467 4818 631 4896 dolentem,
642 4819 762 4879 nomine
773 4817 918 4895 Strongu-

133 4915 254 4976 lionem.
266 4915 397 4974 Accessit
407 4916 443 4975 ad
453 4934 521 4974 cum
530 4928 559 4975 et
572 4916 631 4976 ait:
646 4918 722 4988 Are,
735 4915 915 4992 Strongulio.

133 5010 171 5070 Et
182 5012 235 5071 ille
245 5011 384 5091 repondit
403 5033 411 5070 1
427 5013 508 5084 Ave,
530 5010 649 5071 domine
664 5013 819 5092 Apolloni.
839 5013 918 5084 0111

133 5109 233 5187 itaque
255 5109 356 5168 bisin
378 5109 468 5181 locis,
495 5107 612 5167 turbata
636 5121 747 5182 mente,
775 5110 919 5170 moraris?

91 5228 120 5268 cs
134 5205 311 5285 Apollonius
331 5205 372 5266 ait
398 5223 406 5267 t
434 5205 496 5263 Rex
515 5204 677 5267 Antiochus
701 5206 815 5284 expulit
837 5227 921 5267 mea

1675 436 1739 495 111

953 585 1062 642 regno,
1078 578 1107 622 et
1123 565 1367 644 proscriptionem
1383 584 1475 622 meam
1498 563 1621 642 Cjussit
1630 609 1638 636 ,
1660 579 1689 624 et
1708 569 1735 624 ei

953 681 984 720 sc
997 661 1131 721 daturum
1146 662 1324 740 quicumque
1338 680 1433 720 mcum
1448 674 1535 738 caput
1548 662 1606 739 ipsi
1619 648 1753 721 obtule-¹

953 756 1008 833 rit,
1022 776 1058 815 eo
1072 756 1151 834 quod
1168 756 1259 815 filiam
1273 755 1351 833 ejus,
1371 757 1430 814 imo
1444 756 1607 814 adulteram
1622 756 1737 816 detexe-

953 852 1029 926 rim,
1049 871 1136 929 quam
1167 853 1252 930 quasi
1275 851 1429 930 conjugem
1457 853 1489 911 in
1517 852 1736 912 matrimonium

953 947 1088 1027 sumpsit,
1110 946 1146 1006 Et
1171 946 1210 1005 oh
1235 946 1306 1018 hoc,
1329 947 1356 1006 si
1379 946 1445 1005 lieri
1459 959 1570 1025 potest,
1594 946 1625 1004 in
1641 949 1762 1025 patrias

953 1054 1048 1100 vestra
1060 1041 1129 1100 volo
1141 1043 1242 1101 latere.
1253 1041 1424 1117 Strongulio
1437 1042 1479 1099 ait
1493 1062 1499 1096 ε
1513 1041 1638 1099 Domine
1649 1043 1738 1120 Apol·

955 1137 1030 1214 loni,
1059 1137 1164 1197 civitas
1183 1150 1284 1196 nostra
1306 1154 1397 1214 parva
1423 1149 1484 1207 cst,
1504 1150 1533 1193 et
1553 1136 1736 1195 nobilitatem

954 1245 1032 1290 tuam
1047 1251 1106 1291 non
1123 1244 1218 1311 potest
1236 1230 1389 1290 sustinere.
1407 1230 1551 1289 Praeterea
1568 1231 1670 1289 duram
1696 1230 1736 1289 la·

953 1345 1048 1402 mern,
1070 1344 1237 1404 saevamque
1253 1326 1381 1404 patimur
1395 1327 1577 1384 sterilitatem
1596 1345 1735 1399 annonam

954 1421 1041 1480 nobis
1056 1421 1116 1480 ulla
1129 1439 1196 1499 spes
1207 1421 1309 1480 salutis
1323 1440 1383 1479 non
1396 1435 1455 1498 est3
1471 1420 1521 1479 sed
1536 1419 1737 1479 crudelissima
1754 1450 1778 1487 ιο

954 1535 1033 1574 mors
1056 1529 1122 1575 ante
1144 1516 1246 1575 oculos
1270 1529 1387 1574 nostros
1407 1528 1460 1575 est.
1486 1514 1541 1574 Cui
1559 1515 1735 1593 Apollonius

954 1613 996 1670 ait
1019 1633 1026 1668 ι
1051 1611 1236 1687 Strongulio,
1261 1612 1301 1670 mi
1317 1610 1575 1681 reverendissime,
1597 1628 1650 1684 age
1668 1628 1738 1687 ergo

956 1709 1017 1767 Deo
1032 1710 1152 1783 gratias,
1169 1708 1248 1784 quod
1263 1725 1309 1765 me
1330 1707 1487 1786 profugum
1509 1705 1618 1765 linibus
1633 1709 1739 1766 vestris

955 1805 1109 1883 applicuit.
1126 1804 1209 1864 Dabo
1222 1824 1293 1881 ergo
1308 1805 1419 1864 civitati
1432 1817 1536 1863 vestrae
1550 1817 1666 1863 centum
1678 1805 1741 1862 mil-

955 1901 995 1959 lia
1010 1900 1146 1960 frumenti
1161 1900 1346 1976 modiorum,
1358 1900 1384 1957 si
1397 1899 1493 1975 lugam
1515 1916 1608 1957 meam
1624 1898 1737 1957 celave-
1755 1919 1779 1957 11

955 1996 1032 2056 ritis.
1043 1995 1229 2072 Strongulio,
1243 2009 1275 2053 ut
1283 1994 1414 2066 audivit,
1426 2008 1591 2072 prostratus
1603 1993 1738 2072 pedibus,

955 2091 996 2151 ait
1011 2112 1018 2147 a
1033 2091 1157 2149 Domine
1172 2089 1330 2168 Apolloni,
1346 2089 1372 2147 si
1388 2090 1529 2147 esurienti
1546 2089 1656 2146 civitati
1671 2088 1740 2147 suh·

956 2185 1090 2261 veneris,
1111 2204 1171 2244 non
1186 2187 1281 2243 solum
1296 2182 1393 2259 sugam
1410 2195 1487 2240 tuam
1502 2182 1658 2252 celabunt,
1672 2182 1740 2251 sed,

956 2281 980 2339 si
997 2298 1112 2340 necesse
1133 2280 1237 2351 luerit,
1255 2299 1310 2357 pro
1323 2278 1415 2336 salute
1434 2290 1484 2335 tua
1501 2276 1599 2352 gladio
1619 2275 1740 2334 dimica·

956 2374 1039 2435 bant.
1755 2394 1781 2432 au

1264 2508 1356 2576 CAP.
1384 2508 1424 2573 Χ.

998 2653 1137 2712 Ascendit
1151 2653 1249 2730 itaque
1272 2651 1447 2730 Apollonius
1461 2651 1589 2710 tribunal
1613 2652 1643 2709 in
1659 2651 1738 2721 1010,-

956 2761 985 2809 et
1009 2753 1120 2807 cunctis
1153 2747 1270 2807 civibus
1289 2747 1484 2827 presentibus
1510 2746 1585 2805 dixit
1611 2767 1619 2805 1
1654 2747 1742 2805 Cives

956 2843 1061 2917 Tarsi,
1074 2862 1148 2922 quos
1159 2863 1283 2902 annonae
1293 2842 1398 2903 caritas
1412 2842 1567 2923 opprimit,
1582 2860 1636 2917 ego
1651 2842 1740 2920 Apol·

958 2939 1056 2997 lonius
1072 2937 1183 3016 'l‘yrius
1205 2937 1336 3016 replebo.
1361 2937 1458 2996 Credo
1477 2938 1555 2995 enim
1581 2956 1634 2996 vos
1653 2935 1741 3013 hujus

957 3034 1094 3094 1100011011
1112 3053 1270 3105 memores,
1284 3036 1310 3093 si
1336 3033 1434 3110 sugam
1449 3052 1542 3092 mearn
1562 3032 1739 3094 celaveritis.
1756 3055 1782 3095 as

957 3131 1066 3190 Scitote
1079 3148 1125 3188 tne
1137 3129 1252 3206 legibus
1265 3129 1401 3189 Antiochi
1416 3130 1494 3206 regis
1514 3147 1578 3188 esse
1591 3127 1738 3204 iugatum3

958 3226 1023 3301 sed,
1036 3238 1133 3285 vestra
1150 3225 1288 3284 fidelitate
1301 3226 1429 3296 favente,
1450 3224 1507 3284 huc
1524 3244 1589 3284 sum
1603 3224 1742 3285 directus.

960 3321 1042 3380 Dabo
1056 3323 1155 3399 itaque
1169 3333 1285 3380 centum
1300 3320 1394 3380 millia
1408 3319 1574 3380 modiorum
1584 3363 1593 3393 ,
1602 3340 1637 3378 eo
1648 3321 1743 3399 pretio

959 3436 1019 3493 quo
1031 3433 1095 3475 sum
1106 3416 1137 3475 in
1146 3417 1311 3494 patriamea
1323 3428 1477 3488 mercatus,
1486 3415 1618 3493 singulos
1629 3415 1744 3474 modios

962 3513 1046 3572 aereis
1060 3511 1139 3573 vllt.
1156 3513 1218 3572 1100
1239 3512 1338 3591 itaque
1353 3512 1472 3585 audito,
1488 3516 1567 3572 cives
1576 3513 1677 3588 Tarsi,
1693 3512 1743 3590 qui
1758 3536 1785 3577 ,aa

959 3607 1090 3666 modium
1115 3607 1240 3683 singulis
1264 3606 1364 3667 aureis
1394 3606 1612 3677 mercabantur,
1636 3606 1745 3664 hilares

959 3702 1070 3774 eflecti,
1095 3701 1275 3764 clamoribus
1309 3704 1417 3779 gratias
1447 3713 1564 3778 agentes
1576 3708 1593 3777 ,'
1614 3702 1744 3759 certatim

961 3796 1105 3855 frumenta
1114 3796 1277 3876 portabant.
1289 3796 1374 3868 Tunc
1386 3795 1579 3873 Apollonius,
1596 3812 1643 3863 nc,
1656 3792 1745 3870 depo·

960 3892 1015 3950 sita
1048 3892 1129 3968 regia
1154 3891 1311 3969 dignitate,
1340 3891 1510 3949 mercatoris
1537 3889 1630 3963 magis
1658 3907 1744 3965 quam

960 3983 1116 4045 donatoris
1137 3998 1235 4065 partes
1256 3985 1406 4043 videretur
1428 4001 1593 4052 assumere,
1619 3982 1744 4059 pretium
1759 4014 1786 4054 ,5

963 4079 1042 4156 quod
1070 4080 1200 4157 accepit,
1226 4079 1356 4136 civitatis
1375 4075 1552 4135 utilitatibus
1580 4075 1744 4136 redonavit.

961 4170 1049 4231 Cives
1068 4190 1141 4230 vero
1164 4184 1243 4230 tanta
1260 4170 1405 4229 beneficia
1425 4168 1489 4246 ejus
1512 4189 1548 4228 ex
1570 4188 1626 4227 aare
1640 4170 1747 4229 collato

961 4279 1217 4345 repraesentarunt.
1234 4265 1335 4340 bigam
1349 4263 1428 4322 enim
1443 4265 1475 4322 in
1491 4265 1554 4322 loro
1571 4276 1745 4334 statuerunt,

962 4366 993 4422 in
1011 4381 1070 4441 qua
1088 4374 1185 4435 stans,
1200 4361 1302 4420 dextra
1315 4380 1404 4420 manu
1418 4360 1516 4438 fruges
1532 4373 1645 4433 tenens,
1659 4361 1747 4418 sinis·

962 4472 1008 4517 tro
1024 4459 1098 4537 pede
1112 4456 1243 4517 modium
1255 4456 1367 4532 calcat;
1382 4458 1455 4516 etin
1468 4456 1534 4515 basi
1547 4454 1612 4533 ejus
1624 4456 1748 4534 scripse·
1760 4487 1790 4527 ω

962 4568 1031 4613 runt
1047 4575 1054 4611 :
1072 4572 1616 4614 01111111110111110.1101101110.
1631 4573 1745 4614 couva.

962 4670 1061 4710 01011,
1075 4670 1120 4708 10.
1133 4670 1223 4718 ovoo.
1237 4670 1403 4710 crvrrarsa.
1417 4669 1445 4710 1,
1459 4669 1543 4709 aava.
1558 4669 1646 4709 11111.
1668 4669 1747 4706 nara,

962 4763 1320 4806 1111111.1.11111111111.
1337 4763 1398 4803 svs.

1261 4881 1355 4947 CAP.
1383 4879 1443 4947 xl.

1004 5018 1188 5097 lnterpositia
1207 5020 1314 5081 deinde
1327 5019 1478 5081 mensibus
1500 5023 1622 5100 paucis,
1642 5023 1748 5088 adhor-

964 5127 1042 5174 tante
1060 5114 1268 5191 Strongulione
1284 5129 1313 5176 01
1329 5116 1508 5195 Dionysiada
1524 5118 1650 5197 conjuge
1662 5118 1746 5196 ejus,
1763 5149 1791 5188 μ,

966 5211 1002 5269 11
1016 5210 1305 5289 pentapolitanorum
1320 5213 1462 5274 marinam
1477 5214 1615 5293 navigare
1634 5234 1748 5293 propo-
