3866 5956
445 581 502 632 soa
555 528 561 537 ’
945 569 1294 632 rnasnnuucum.

447 700 652 773 adhibetur.
683 698 822 773 Medico
849 700 925 794 jam
948 701 979 771 oi
1007 703 1088 797 qui,
1121 702 1242 775 multis
1274 716 1356 773 ante
1386 702 1565 775 Andream
1593 707 1779 776 Vesalium

444 824 567 913 annis,
590 825 744 920 sopitam
768 824 902 911 modo,
921 850 995 894 non
1015 826 1230 915 extinctam,
1251 828 1287 895 in
1307 825 1487 923 Apollonii
1505 851 1615 897 uxore
1630 830 1781 901 suscitat

444 974 486 1029 ac
509 947 646 1019 refovet
665 948 797 1034 vitam,
823 971 956 1018 nomen
982 961 1035 1018 cst
1061 950 1272 1036 Ceramoui,
1291 964 1378 1045 puta
1404 950 1530 1020 mortis
1543 949 1780 1038 debellatori,

444 1095 529 1142 cum
549 1071 599 1141 nil
621 1069 719 1141 aliud
739 1094 807 1141 vox
829 1094 872 1141 ea
890 1069 1077 1164 significet,
1104 1070 1213 1142 ducta
1238 1097 1258 1142 a
1286 1096 1398 1167 graeca
1419 1076 1643 1168 Κηραρύντης,
1666 1073 1704 1144 id
1727 1090 1782 1146 est

444 1203 460 1262 ὀ
485 1198 663 1289 ἀποτρέπων
675 1194 842 1288 συμφοράν,
853 1195 984 1289 ὄλεθρον,
999 1196 1142 1281 θάνατον,
1154 1201 1170 1262 ὁ
1183 1192 1374 1279 ἀλεξίκακος.
1396 1199 1467 1265 Rex
1483 1193 1574 1265 adeo
1586 1195 1779 1291 Mitylenae,

444 1318 507 1412 qui
532 1318 569 1388 in
594 1316 674 1387 soro
697 1316 759 1387 uhi
780 1317 937 1387 Tarsiam
953 1318 1075 1414 piratae
1089 1315 1156 1387 sub
1173 1341 1310 1388 corona
1326 1317 1490 1388 venalem
1516 1335 1777 1415 exposuerant,

444 1442 606 1513 ursonio
616 1441 739 1513 lenoni
750 1439 974 1529 adversatur,
983 1440 1072 1513 dum
1082 1441 1447 1517 certatimetauctiori
1456 1466 1570 1537 usque
1581 1445 1700 1541 pretio
1708 1445 1781 1515 vir·

444 1564 565 1658 ginem
587 1577 741 1658 uterque
754 1562 834 1634 vtdt
843 1575 1004 1659 emptam
1016 1562 1105 1652 sihi,
1119 1563 1218 1658 justo
1241 1577 1279 1635 ct
1293 1588 1361 1635 suo
1378 1587 1461 1635 vere
1490 1564 1638 1637 nornine
1661 1565 1782 1639 dictus

359 1777 363 1783 ¹
446 1699 501 1756 est
515 1685 774 1780 dndnagoras,
787 1708 851 1756 seu
870 1684 935 1781 qui
954 1686 1121 1758 certatim
1136 1700 1173 1757 ct
1190 1683 1287 1759 unde
1299 1684 1421 1758 doleat
1442 1686 1561 1777 alteri,
1575 1687 1715 1784 aliquid
1742 1690 1780 1760 in

446 1808 527 1880 loro
541 1809 648 1898 emit,
674 1821 716 1880 ut
736 1822 886 1881 monent
906 1806 1045 1881 radices
1058 1812 1176 1908 ἀγοραῖοι
1196 1824 1234 1883 et
1251 1811 1323 1881 ἀντί
1334 1833 1421 1882 cum
1435 1809 1624 1907 epenthesi
1649 1811 1778 1885 videli-

445 1946 503 2004 cet
517 1944 606 2004 τοῦΝ
616 1937 842 2028 ἕριλκοστικοῦ.
855 1931 1173 2020 Quemadmodum
1188 1948 1310 2007 autem
1332 1932 1537 2031 puellarum
1556 1949 1680 2006 custos
1698 1936 1779 2019 ille,

446 2056 483 2129 in
505 2056 621 2128 lustro
641 2054 886 2152 Mitylenensi,
917 2057 1054 2128 ironice
1073 2071 1110 2128 et
1132 2082 1199 2155 per
1224 2056 1462 2154 antiphrasim
1483 2056 1617 2131 dicitur
1640 2059 1783 2131 Amian-

447 2193 523 2267 tus,
547 2192 720 2275 tanquam
739 2177 954 2276 corruptelae
974 2180 1137 2268 nescius,
1161 2177 1209 2251 ab
1222 2209 1243 2248 α
1257 2178 1350 2277 priv.
1370 2194 1479 2275 atque
1501 2185 1637 2275 pratae,
1653 2182 1706 2253 sic
1726 2196 1780 2253 te·

446 2300 633 2373 terrimum
652 2299 747 2373 istud
761 2299 954 2373 hominum
963 2325 1044 2398 par,
1061 2303 1120 2374 cui
1134 2303 1253 2375 Tarsia
1268 2316 1345 2375 erat
1360 2326 1382 2373 a
1396 2317 1549 2400 parente
1562 2304 1780 2392 commissa,

445 2437 571 2520 aptum
596 2423 760 2521 apprime
780 2437 818 2494 et
841 2423 1005 2497 moribus
1024 2425 1097 2496 suis
1119 2448 1325 2498 consonum
1347 2448 1482 2497 nomen
1505 2424 1662 2515 obtinet,
1693 2450 1781 2498 cum

444 2545 500 2616 vir
531 2544 640 2635 hinc,
664 2546 893 2641 Strongulio,
918 2571 1031 2642 graece
1050 2552 1276 2645 Στρογρολίας,
1291 2576 1338 2637 ου,
1367 2547 1520 2644 ἄνθρωπος
1548 2543 1780 2646 κοντόχονδρος,

444 2671 703 2765 ὁλοστρόγγολος,
728 2669 827 2743 illinc
843 2669 988 2757 mulier,
1013 2670 1223 2766 Dionysias,
1250 2693 1315 2741 seu
1334 2671 1481 2760 vinosa,
1507 2671 1700 2743 vocitetur.

493 2791 588 2863 Alias
608 2790 671 2862 bic
685 2792 860 2887 attingere
885 2792 1104 2889 supersedeo
1123 2793 1352 2865 dominantes
1380 2793 1489 2864 etiam
1514 2794 1590 2865 sive
1608 2796 1727 2889 ιυρίοος
1742 2809 1776 2865 et

445 2914 572 2985 eadem
595 2938 615 2985 c
639 2938 753 3011 graeca
768 2939 867 3012 penu
894 2915 1128 3014 depromptas
1144 2902 1422 3014 appellationes,
1447 2916 1574 3012 quales
1600 2931 1685 2989 sunt
1704 2921 1777 2989 An·

444 3036 617 3126 dronius,
646 3037 862 3127 Antiochus,
879 3038 1120 3113 hmhistratus
1132 3053 1168 3110 et
1182 3038 1408 3110 hrclustratis
1424 3063 1531 3127 uxor,
1548 3038 1778 3125 Hellanicus,

446 3160 611 3255 Lycoris,
629 3159 894 3247 Philothemia,
911 3162 1046 3251 Tarsia,
1069 3160 1305 3234 Thaliarchus
1324 3176 1361 3233 ct
1383 3160 1619 3258 Theophilus.
1635 3165 1735 3249 Quas
1750 3163 1779 3231 si

356 3306 364 3321 ·
444 3284 527 3378 quis
538 3266 846 3380 pronunciaverit,
858 3282 968 3379 hujus
982 3284 1102 3355 statim
1115 3286 1223 3356 etiam
1238 3282 1336 3355 aliud
1353 3283 1490 3379 agentis
1504 3308 1581 3354 sese
1595 3284 1706 3355 menti
1723 3283 1777 3355 ol·

446 3404 562 3475 lierent
577 3400 759 3500 drdpdsrar,
777 3406 936 3502 darioque,
953 3404 1176 3503 Ᾰρχίστροτος,
1187 3419 1224 3476 et
1237 3386 1451 3502 λρχίοτρατις,
1466 3404 1640 3487 statanor
1654 3406 1779 3479 dorice

446 3523 631 3615 Ἑλλάνικος,
641 3532 794 3621 Αύκωρις,
807 3533 981 3624 Φιλόθεμις,
997 3533 1136 3625 Tepula,
1153 3531 1330 3625 Θαλίαρχος
1346 3543 1382 3600 et
1395 3533 1554 3624 Θεόφιλος.

494 4017 697 4089 Christiano
728 4031 849 4089 autem
880 4018 979 4105 viro,
1011 4030 1184 4113 tanquam
1214 3988 1373 4104 auctori,
1408 4014 1664 4114 imputandum
1701 4038 1777 4086 esse
1841 4000 1851 4011 ⁹

446 4139 627 4237 Apollonii
639 4144 722 4228 MS,
735 4121 952 4227 tabulanve,
968 4153 1099 4234 quarto
1113 4152 1150 4210 et
1162 4138 1305 4211 decimo
1316 4139 1493 4227 saeculo,e
1512 4163 1626 4235 graeco
1637 4161 1777 4209 versam

446 4269 481 4339 in
498 4267 652 4341 latinum
671 4289 889 4351 sermonem,
907 4264 992 4336 satis
1011 4288 1192 4361 superque
1210 4277 1401 4349 testantur,
1417 4277 1544 4360 praeter
1563 4260 1738 4357 Angelum
1757 4283 1776 4329 a

445 4414 521 4485 quo
543 4390 736 4460 nunciatur
762 4386 959 4459 Antiochus
979 4387 1053 4460 sato
1078 4386 1242 4475 functus,
1270 4400 1488 4483 nuncupatae
1512 4386 1571 4455 hic
1596 4383 1774 4465 Domin0,

447 4514 539 4583 Vivo
554 4516 630 4583 Deo
650 4511 744 4598 illic,
772 4511 968 4607 utrobique
990 4510 1125 4597 scilicet
1152 4516 1183 4583 J.
1203 4515 1239 4582 C.
1265 4515 1309 4581 D.
1339 4514 1394 4599 N,
1422 4509 1620 4603 adjurantis
1649 4505 1776 4578 Tarsia

446 4661 582 4734 preces.
1144 4630 1149 4638 ’

496 4765 599 4833 Hunc
609 4784 719 4857 porro
730 4759 973 4831 Christianum
983 4756 1422 4855 scriptorem,ltuvossrdrav
1431 4756 1543 4850 egisse
1552 4768 1652 4852 patet
1660 4778 1702 4823 ex
1714 4751 1774 4823 illa

445 4884 725 4979 celebratissima
740 4882 939 4971 salutandi,
960 4880 1186 4969 Reverende,
1207 4883 1255 4953 Mi
1273 4880 1593 4966 Reverendissime,
1619 4873 1773 4983 formula

445 5033 554 5103 quam
570 5009 703 5105 passim
718 5023 840 5079 noster
854 5007 1233 5103 interjecitinterpres.
1504 4999 1512 5012 '

495 5130 663 5226 Ejusdem
675 5132 843 5218 latinitas,
860 5156 971 5226 quarn
986 5153 1072 5202 cave
1089 5152 1134 5201 ne
1145 5152 1213 5225 pro
1228 5129 1370 5221 poricia
1378 5150 1512 5214 sumas,
1531 5122 1773 5220 tibiquiutum
