3866 5956
694 598 1045 687 rrmxrruncutx.
1288 592 1295 603 ·
1479 605 1535 660 on

209 740 301 838 sapit
322 736 513 823 secutum
544 747 579 805 et
606 736 695 830 quin
718 732 904 830 depravati
928 756 970 802 ac
990 730 1204 802 lascivientis
1219 728 1354 825 eloquii
1370 727 1537 800 nonnihil

210 888 252 935 ex
269 861 383 934 eversi
404 865 653 933 Romanorum
675 857 817 954 imperii
840 856 922 927 labe
946 855 1177 942 contraxerit,
1203 851 1281 925 sieri
1305 877 1377 922 non
1403 851 1533 948 potuit.

257 984 395 1072 Quinto
411 980 560 1078 quidem
577 981 679 1077 prius
696 980 847 1067 suenio,
866 979 1005 1050 nullam
1022 979 1196 1065 omnino,
1215 978 1250 1047 in
1266 974 1427 1072 quolibet
1448 999 1537 1044 con-

210 1108 381 1204 scriptum
397 1104 538 1199 lingue,
569 1125 688 1197 graecae
711 1101 892 1199 Apollonii
916 1099 1047 1172 fabulae
1068 1101 1269 1171 versionem
1293 1111 1347 1168 est
1368 1097 1534 1167 inveniri.

210 1228 280 1301 Sed
295 1206 630 1298 exinde'asnietam
655 1224 858 1295 orationem
881 1222 980 1294 dicos
996 1237 1032 1294 et
1047 1245 1194 1320 prosam
1209 1222 1303 1291 inter
1325 1244 1363 1290 se
1387 1233 1537 1304 certare,

180 1367 291 1423 ‘utra
321 1375 395 1421 nou
427 1347 735 1420 contemnendum
771 1345 956 1418 Heliodori
982 1345 1174 1441 ‘longique
1203 1344 1373 1415 aemuluru
1406 1342 1538 1439 signifi·

210 1473 351 1546 cantius
365 1473 632 1569 interpretetur·

260 1596 421 1667 Primum
443 1594 564 1690 igitur,
588 1592 715 1664 habits
731 1590 857 1664 saltem
883 1607 1089 1689 temporum
1114 1592 1269 1678 ratione,
1297 1590 1419 1661 locum
1445 1589 1540 1660 obti-

212 1717 311 1791 nebit
342 1718 460 1789 versio
475 1716 646 1814 quaedum
670 1715 827 1812 politicis
857 1713 1020 1786 versibus
1034 1714 1250 1812 compositu.
1268 1716 1356 1800 Quae
1375 1725 1450 1783 totu
1467 1715 1541 1782 alsl-

211 1843 323 1922 πίοτως
347 1841 516 1938 perierat,
533 1854 669 1937 utpote
684 1838 788 1933 cujus
802 1851 929 1942 auctor
940 1862 1009 1909 nec
1031 1839 1093 1933 qui
1116 1860 1183 1908 nec
1200 1860 1275 1932 quo
1303 1850 1467 1933 tempore
1482 1848 1544 1906 aut

212 1964 360 2035 nomine
375 1964 524 2051 vixerit,
549 1963 614 2033 ulli
638 1962 804 2033 omnium
828 1960 948 2057 palam
967 1960 1051 2048 tiae
1079 1961 1117 2031 ni
1138 1965 1177 2032 V.
1198 1963 1278 2048 m,
1300 1957 1471 2030 Cambius
1484 1957 1544 2029 ille

212 2102 368 2175 nostras,
385 2086 651 2183 aliquantulum
661 2085 738 2181 ejus
755 2084 1003 2181 reliquiarum,
1013 2084 1191 2182 paucillas
1205 2107 1336 2181 nempe
1351 2096 1387 2153 et
1397 2082 1545 2177 dijectes

213 2235 318 2282 voees
352 2210 529 2282 immenso
549 2235 616 2281 suo
642 2211 745 2306 quusi
770 2209 930 2305 hospitio
957 2206 1107 2279 infirmae
1132 2223 1169 2279 et
1198 2206 1330 2277 infimae
1358 2207 1544 2301 grmcitstis

212 2335 417 2432 excepisset.

261 2456 487 2528 Duodecimo
501 2459 576 2551 jam
600 2455 749 2543 saeculo,
768 2478 844 2552 quo
870 2470 1033 2551 tempore
1056 2452 1195 2551 politici
1212 2452 1262 2522 illi
1288 2475 1413 2522 versus
1429 2475 1541 2548 quos,

212 2603 392 2650 annorum
416 2578 569 2676 septima
595 2593 631 2649 et
649 2578 789 2649 decima
813 2574 934 2648 adliuc
951 2577 1134 2662 cornuria,
1153 2574 1330 2671 excerpsit
1353 2573 1542 2662 Cambius‚

213 2703 334 2774 multis
346 2706 383 2773 in
398 2703 574 2775 eoenobiis
584 2704 767 2792 asservati,
785 2726 1041 2798 nonnusquam
1057 2716 1094 2772 et
1106 2701 1320 2795 legerentur,
1337 2697 1457 2770 latinis
1470 2723 1546 2769 ver·

213 2825 332 2915 sibus,
352 2850 427 2896 non
447 2826 531 2897 dico
552 2825 731 2922 Apollonii
751 2834 809 2903 τὴν
834 2826 1034 2920 pulsemur,
1053 2823 1115 2895 sed
1131 2823 1298 2921 politicos
1324 2822 1451 2893 incerti
1467 2844 1542 2891 me-

214 2947 405 3045 taphrastae
412 2952 551 3042 στίχους,
562 2947 908 3044 expressitsacerdos
923 2947 1091 3043 quidam,
1104 2946 1351 3018 Godelridusu
1363 2944 1539 3016 Viterbio.

157 3088 165 3095 '
262 3076 399 3160 Quarto
419 3087 456 3143 et
468 3071 612 3153 decimo
631 3070 764 3142 deinde
782 3072 932 3159 saeculo,
958 3070 1144 3142 Godet'ridi
1162 3070 1388 3141 hexametros
1409 3067 1544 3162 Anglus
1615 3146 1620 3155 ¹

214 3197 362 3267 nomine
375 3200 507 3268 Gower
529 3197 566 3266 in
589 3194 740 3267 niodum
765 3194 899 3290 redegit
922 3195 1093 3292 poematii
1114 3195 1173 3265 cui
1195 3194 1346 3265 titulus:
1371 3192 1546 3280 munnio

213 3327 371 3391 moritu.
392 3324 436 3391 Et
451 3320 628 3391 ducentos
640 3333 723 3416 post
737 3342 870 3407 annos,
890 3319 981 3389 adeo
997 3334 1080 3389 sunt
1101 3343 1164 3390 suu
1183 3318 1254 3389 luta
1270 3316 1414 3406 libellis,
1431 3320 1545 3387 eCon·

215 3443 360 3520 sessione
372 3443 707 3514 seuoommentario
717 3449 876 3529 anmntts,
894 3455 1067 3537 tanquam
1082 3443 1223 3536 signum
1237 3439 1424 3535 quoddam
1438 3462 1480 3510 ex
1497 3440 1548 3510 in·

215 3563 350 3659 digesta
373 3565 527 3662 rudique
540 3565 738 3635 'marmoris
752 3563 865 3651 mole,
886 3562 1110 3660 exprimebat
1126 3588 1230 3634 suam
1250 3563 1439 3651 Periclem,
1457 3562 1548 3632 alter

217 3686 275 3758 ille
301 3702 508 3786 temporum
528 3702 736 3758 nostrorum
758 3687 964 3783 AEselrylus,
991 3687 1050 3759 cui
1074 3711 1207 3759 nomen
1223 3701 1277 3758 est
1292 3687 1545 3785 Sirakspeario.

217 3813 305 3882 Nam
324 3813 354 3882 si
369 3813 446 3908 qui,
471 3826 620 3883 auctore
639 3812 839 3911 Schlegelio
863 3835 995 3908 quem,
1019 3810 1173 3885 dubium
1194 3810 1302 3883 eade
1321 3836 1378 3897 re,
1402 3810 1547 3907 Drydeu

217 3935 403 4032 impugnat
424 3937 499 4005 imo
512 3950 713 4033 expugnat,
737 3934 832 4006 hane
855 3922 1015 4007 fabulam
1040 3934 1225 4032 demptum
1250 3933 1378 4005 volunt
1396 3958 1438 4004 ex
1459 3959 1547 4031 ope-

217 4056 317 4127 ribus
329 4071 461 4154 poetae‚
479 4058 548 4128 illis
569 4056 733 4154 profecto
750 4082 771 4128 e
789 4072 909 4128 mente
928 4055 1060 4127 excidit
1079 4081 1151 4126 non
1172 4054 1316 4127 aliunde
1340 4069 1459 4125 ortam
1477 4060 1548 4125 Ro-

219 4204 339 4251 meum
362 4193 400 4251 et
421 4180 613 4268 luliolam‚
638 4204 748 4276 quam
768 4204 789 4251 e
810 4204 920 4276 graeca
946 4204 1094 4276 quoque
1119 4183 1306 4274 μυθιστορίᾳ,
1325 4201 1366 4246 ex
1385 4176 1549 4273 Ephesiis

218 4300 384 4373 videlicet
397 4301 527 4374 fabulis
537 4302 803 4400 Xenophontis,
818 4303 884 4372 nisi
894 4301 1008 4396 quod,
1026 4316 1068 4372 ut
1084 4307 1240 4372 Romeus
1250 4296 1427 4371 etJuliola
1437 4297 1549 4368 Abro-

216 4416 333 4497 eomae'
343 4426 564 4523 Anthiaeque,
578 4427 628 4497 ita
641 4426 820 4524 Apollonii
830 4426 982 4496 Pericles
1000 4424 1122 4497 locum
1136 4423 1277 4494 insedit.

265 4548 334 4621 Sed
349 4548 447 4646 apud
465 4549 766 4648 Shalspearium,
786 4554 992 4638 Gowerum,
1004 4546 1242 4620 Godelridum
1261 4545 1472 4635 uViterbio,
1492 4546 1546 4614 in·

218 4685 431 4769 certumque
443 4673 677 4769 politicorum
692 4697 861 4745 versuum
877 4688 1075 4761 auctorem,
1093 4671 1144 4742 nil
1161 4669 1260 4742 alind
1275 4668 1364 4740 mihi
1375 4682 1470 4740 extat
1486 4683 1549 4738 eut

219 4811 387 4893 apparet,
410 4821 521 4893 quum
542 4797 729 4895 multiplex
752 4796 939 4894 quaedem,
961 4796 1042 4895 plus
1073 4797 1193 4867 minus
1224 4795 1422 4887 variegata,
1445 4792 1546 4886 quasi
1605 4796 1609 4801 ’

218 4916 316 4989 dicas
325 4917 411 5016 plus
420 4921 539 4991 minus
548 4919 673 5009 infida,
683 4924 1007 5018 npmoidrrouprosae
1018 4922 1215 5015 μιτάφρασις.
1229 4921 1272 4986 Et
1281 4914 1380 5012 quod
1392 4937 1549 5012 pronum

219 5054 328 5136 utque
341 5043 378 5113 in
393 5058 519 5141 aperto
537 5070 678 5142 semper
692 5048 760 5116 erit
781 5070 909 5143 prosu,
931 5068 1076 5142 prosam
1090 5042 1192 5139 quasi
1209 5039 1255 5111 ad
1272 5040 1408 5110 calcem
1428 5037 1485 5108 vel
1503 5036 1556 5123 adv

220 5166 390 5237 amussim
422 5192 587 5263 premere
619 5182 681 5238 atrt
699 5168 865 5262 dirigere,
886 5169 968 5239 ideo
994 5170 1133 5238 t'untum
1167 5163 1317 5235 lionoris
1339 5176 1551 5257 tantumque
