<?xml version="1.0" encoding="UTF-8"?>
<!DOCTYPE html PUBLIC "-//W3C//DTD XHTML 1.0 Transitional//EN"
    "http://www.w3.org/TR/xhtml1/DTD/xhtml1-transitional.dtd">
<html xmlns="http://www.w3.org/1999/xhtml" xml:lang="en" lang="en">
 <head>
  <title>
</title>
<meta http-equiv="Content-Type" content="text/html;charset=utf-8" />
  <meta name='ocr-system' content='tesseract 3.04.00' />
  <meta name='ocr-capabilities' content='ocr_page ocr_carea ocr_par ocr_line ocrx_word'/>
</head>
<body>
  <div class='ocr_page' id='page_1' title='image "./ertiknlognsyngr01conggoog/ertiknlognsyngr01conggoog_0284.png"; bbox 0 0 3894 5946; ppageno 0'>
   <div class='ocr_carea' id='block_1_1' title="bbox 820 477 977 540">
    <p class='ocr_par' dir='ltr' id='par_1_1' title="bbox 820 477 977 540">
     <span class='ocr_line' id='line_1_1' title="bbox 820 477 977 540; baseline 0 -3"><span class='ocrx_word' id='word_1_1' title='bbox 820 477 933 540; x_wconf 82' lang='lat' dir='ltr'><strong>LlBER</strong></span> <span class='ocrx_word' id='word_1_2' title='bbox 957 481 977 539; x_wconf 92' lang='grc' dir='ltr'><strong>Ι.</strong></span> 
     </span>
    </p>
   </div>
   <div class='ocr_carea' id='block_1_2' title="bbox 87 606 869 861">
    <p class='ocr_par' dir='ltr' id='par_1_2' title="bbox 87 606 869 861">
     <span class='ocr_line' id='line_1_2' title="bbox 91 606 868 687; baseline -0.003 -22"><span class='ocrx_word' id='word_1_3' title='bbox 91 636 141 680; x_wconf 82' lang='grc' dir='ltr'>ιην,</span> <span class='ocrx_word' id='word_1_4' title='bbox 156 610 189 669; x_wconf 90' lang='lat' dir='ltr'><strong>&#39;ll</strong></span> <span class='ocrx_word' id='word_1_5' title='bbox 205 608 339 668; x_wconf 81' lang='grc' dir='ltr'>σπουδαία</span> <span class='ocrx_word' id='word_1_6' title='bbox 353 608 414 687; x_wconf 76' lang='grc' dir='ltr'>περὶ</span> <span class='ocrx_word' id='word_1_7' title='bbox 427 608 460 664; x_wconf 88' lang='grc' dir='ltr'><strong>τδι</strong></span> <span class='ocrx_word' id='word_1_8' title='bbox 473 606 559 678; x_wconf 77' lang='grc' dir='ltr'>δεινά,</span> <span class='ocrx_word' id='word_1_9' title='bbox 574 607 702 685; x_wconf 77' lang='grc' dir='ltr'><strong>λέγουσα,</strong></span> <span class='ocrx_word' id='word_1_10' title='bbox 715 611 732 678; x_wconf 78' lang='grc' dir='ltr'>ἡ</span> <span class='ocrx_word' id='word_1_11' title='bbox 746 608 809 685; x_wconf 76' lang='grc' dir='ltr'>πρὸς</span> <span class='ocrx_word' id='word_1_12' title='bbox 822 608 868 683; x_wconf 80' lang='grc' dir='ltr'><strong>μὲν</strong></span> 
     </span>
     <span class='ocr_line' id='line_1_3' title="bbox 88 695 868 775; baseline 0.005 -25"><span class='ocrx_word' id='word_1_13' title='bbox 88 698 128 754; x_wconf 81' lang='grc' dir='ltr'><strong>εὀν</strong></span> <span class='ocrx_word' id='word_1_14' title='bbox 139 696 224 775; x_wconf 81' lang='grc' dir='ltr'>ἔρωτα</span> <span class='ocrx_word' id='word_1_15' title='bbox 242 696 283 771; x_wconf 75' lang='grc' dir='ltr'><strong>μὴ</strong></span> <span class='ocrx_word' id='word_1_16' title='bbox 302 695 495 774; x_wconf 79' lang='grc' dir='ltr'>συμπράξασα,</span> <span class='ocrx_word' id='word_1_17' title='bbox 507 696 553 752; x_wconf 78' lang='grc' dir='ltr'><strong>ἐπὶ</strong></span> <span class='ocrx_word' id='word_1_18' title='bbox 568 695 596 753; x_wconf 79' lang='grc' dir='ltr'><strong>δδ</strong></span> <span class='ocrx_word' id='word_1_19' title='bbox 613 696 643 754; x_wconf 84' lang='grc' dir='ltr'><strong>τθ</strong></span> <span class='ocrx_word' id='word_1_20' title='bbox 664 696 819 774; x_wconf 85' lang='grc' dir='ltr'>στερηθῆναί</span> <span class='ocrx_word' id='word_1_21' title='bbox 835 720 868 771; x_wconf 87' lang='grc' dir='ltr'><strong>με</strong></span> 
     </span>
     <span class='ocr_line' id='line_1_4' title="bbox 87 774 869 861; baseline 0 -20"><span class='ocrx_word' id='word_1_22' title='bbox 87 789 128 841; x_wconf 81' lang='grc' dir='ltr'><strong>τοῦ</strong></span> <span class='ocrx_word' id='word_1_23' title='bbox 149 783 280 861; x_wconf 74' lang='grc' dir='ltr'>φιλτάτου</span> <span class='ocrx_word' id='word_1_24' title='bbox 300 783 345 840; x_wconf 85' lang='grc' dir='ltr'><strong>καλ</strong></span> <span class='ocrx_word' id='word_1_25' title='bbox 365 774 444 857; x_wconf 88' lang='grc' dir='ltr'>λόγου</span> <span class='ocrx_word' id='word_1_26' title='bbox 463 781 563 861; x_wconf 74' lang='grc' dir='ltr'>ταχίων</span> <span class='ocrx_word' id='word_1_27' title='bbox 584 783 784 859; x_wconf 73' lang='grc' dir='ltr'>ἀποδειχθεῖσα,</span> <span class='ocrx_word' id='word_1_28' title='bbox 802 786 869 859; x_wconf 73' lang='grc' dir='ltr'>μηδὲ</span> 
     </span>
    </p>
   </div>
   <div class='ocr_carea' id='block_1_3' title="bbox 1647 490 1701 546">
    <p class='ocr_par' dir='ltr' id='par_1_3' title="bbox 1647 490 1701 546">
     <span class='ocr_line' id='line_1_5' title="bbox 1647 490 1701 546; baseline 0.037 -2"><span class='ocrx_word' id='word_1_29' title='bbox 1647 490 1701 546; x_wconf 74' lang='grc' dir='ltr'><strong>2θὸ</strong></span> 
     </span>
    </p>
   </div>
   <div class='ocr_carea' id='block_1_4' title="bbox 914 619 1704 858">
    <p class='ocr_par' dir='ltr' id='par_1_4' title="bbox 914 619 1704 858">
     <span class='ocr_line' id='line_1_6' title="bbox 915 619 1704 684; baseline 0.008 -17"><span class='ocrx_word' id='word_1_30' title='bbox 915 619 990 667; x_wconf 90' lang='lat' dir='ltr'><strong>mium</strong></span> <span class='ocrx_word' id='word_1_31' title='bbox 1005 622 1115 683; x_wconf 89' lang='lat' dir='ltr'><strong>prompta</strong></span> <span class='ocrx_word' id='word_1_32' title='bbox 1127 623 1151 669; x_wconf 89' lang='lat' dir='ltr'><strong>et</strong></span> <span class='ocrx_word' id='word_1_33' title='bbox 1163 619 1194 668; x_wconf 86' lang='lat' dir='ltr'><strong>ad</strong></span> <span class='ocrx_word' id='word_1_34' title='bbox 1207 632 1245 669; x_wconf 85' lang='lat' dir='ltr'><strong>res</strong></span> <span class='ocrx_word' id='word_1_35' title='bbox 1255 621 1361 680; x_wconf 75' lang='lat' dir='ltr'><strong>atroces,</strong></span> <span class='ocrx_word' id='word_1_36' title='bbox 1375 620 1499 682; x_wconf 76' lang='lat' dir='ltr'>inquiens,</span> <span class='ocrx_word' id='word_1_37' title='bbox 1514 622 1570 684; x_wconf 73' lang='grc' dir='ltr'>(μιν</span> <span class='ocrx_word' id='word_1_38' title='bbox 1585 623 1608 672; x_wconf 92' lang='lat' dir='ltr'><strong>iu</strong></span> <span class='ocrx_word' id='word_1_39' title='bbox 1622 637 1704 674; x_wconf 87' lang='lat' dir='ltr'><strong>eruore</strong></span> 
     </span>
     <span class='ocr_line' id='line_1_7' title="bbox 914 708 1704 783; baseline 0.009 -29"><span class='ocrx_word' id='word_1_40' title='bbox 914 708 1011 770; x_wconf 84' lang='lat' dir='ltr'><strong>quidem</strong></span> <span class='ocrx_word' id='word_1_41' title='bbox 1026 721 1066 758; x_wconf 88' lang='lat' dir='ltr'><strong>me</strong></span> <span class='ocrx_word' id='word_1_42' title='bbox 1082 721 1130 783; x_wconf 86' lang='lat' dir='ltr'><strong>non</strong></span> <span class='ocrx_word' id='word_1_43' title='bbox 1143 708 1273 769; x_wconf 83' lang='lat' dir='ltr'><strong>adjuvisti,</strong></span> <span class='ocrx_word' id='word_1_44' title='bbox 1288 710 1314 756; x_wconf 90' lang='lat' dir='ltr'><strong>at</strong></span> <span class='ocrx_word' id='word_1_45' title='bbox 1333 708 1359 756; x_wconf 86' lang='lat' dir='ltr'><strong>ut</strong></span> <span class='ocrx_word' id='word_1_46' title='bbox 1375 710 1499 758; x_wconf 84' lang='lat' dir='ltr'><strong>carissimo</strong></span> <span class='ocrx_word' id='word_1_47' title='bbox 1516 709 1622 771; x_wconf 69' lang='lat' dir='ltr'><strong>privarer</strong></span> <span class='ocrx_word' id='word_1_48' title='bbox 1637 712 1704 763; x_wconf 87' lang='lat' dir='ltr'><strong>dicto</strong></span> 
     </span>
     <span class='ocr_line' id='line_1_8' title="bbox 914 795 1703 858; baseline 0.008 -15"><span class='ocrx_word' id='word_1_49' title='bbox 914 796 985 843; x_wconf 88' lang='lat' dir='ltr'><strong>citius</strong></span> <span class='ocrx_word' id='word_1_50' title='bbox 1001 795 1115 855; x_wconf 88' lang='lat' dir='ltr'><strong>eiiecisti,</strong></span> <span class='ocrx_word' id='word_1_51' title='bbox 1132 809 1209 858; x_wconf 79' lang='lat' dir='ltr'><strong>neque</strong></span> <span class='ocrx_word' id='word_1_52' title='bbox 1222 796 1327 857; x_wconf 89' lang='lat' dir='ltr'><strong>spatium</strong></span> <span class='ocrx_word' id='word_1_53' title='bbox 1339 796 1448 845; x_wconf 88' lang='lat' dir='ltr'><strong>mutandi</strong></span> <span class='ocrx_word' id='word_1_54' title='bbox 1464 797 1556 849; x_wconf 84' lang='lat' dir='ltr'><strong>consilii</strong></span> <span class='ocrx_word' id='word_1_55' title='bbox 1573 799 1631 847; x_wconf 76' lang='lat' dir='ltr'><strong>mitri</strong></span> <span class='ocrx_word' id='word_1_56' title='bbox 1646 812 1703 849; x_wconf 86' lang='lat' dir='ltr'><strong>con·</strong></span> 
     </span>
    </p>
   </div>
   <div class='ocr_carea' id='block_1_5' title="bbox 88 869 1704 948">
    <p class='ocr_par' dir='ltr' id='par_1_5' title="bbox 88 869 1704 948">
     <span class='ocr_line' id='line_1_9' title="bbox 88 869 1704 948; baseline 0.004 -21"><span class='ocrx_word' id='word_1_57' title='bbox 88 869 346 937; x_wconf 78' lang='grc' dir='ltr'>μιταθουλεύσασθαί</span> <span class='ocrx_word' id='word_1_58' title='bbox 358 892 402 943; x_wconf 87' lang='grc' dir='ltr'><strong>μοι</strong></span> <span class='ocrx_word' id='word_1_59' title='bbox 413 869 621 948; x_wconf 77' lang='grc' dir='ltr'>συγχωρήσατε.</span> <span class='ocrx_word' id='word_1_60' title='bbox 666 870 870 943; x_wconf 75' lang='grc' dir='ltr'>Καλδήληπαν·</span> <span class='ocrx_word' id='word_1_61' title='bbox 913 884 1005 932; x_wconf 64' lang='lat' dir='ltr'><strong>canati</strong></span> <span class='ocrx_word' id='word_1_62' title='bbox 1019 902 1026 932; x_wconf 78' lang='grc' dir='ltr'><strong>ι</strong></span> <span class='ocrx_word' id='word_1_63' title='bbox 1039 884 1064 932; x_wconf 81' lang='lat' dir='ltr'><strong>et</strong></span> <span class='ocrx_word' id='word_1_64' title='bbox 1076 897 1173 945; x_wconf 81' lang='lat' dir='ltr'><strong>prorsus</strong></span> <span class='ocrx_word' id='word_1_65' title='bbox 1189 883 1316 933; x_wconf 76' lang='lat' dir='ltr'><strong>manifesto</strong></span> <span class='ocrx_word' id='word_1_66' title='bbox 1332 896 1420 945; x_wconf 81' lang='lat' dir='ltr'><strong>prmse</strong></span> <span class='ocrx_word' id='word_1_67' title='bbox 1437 884 1543 945; x_wconf 83' lang='lat' dir='ltr'><strong>terebat,</strong></span> <span class='ocrx_word' id='word_1_68' title='bbox 1558 887 1623 948; x_wconf 82' lang='grc' dir='ltr'>ηιιοιΙ</span> <span class='ocrx_word' id='word_1_69' title='bbox 1641 893 1704 938; x_wconf 76' lang='lat' dir='ltr'><strong>esset</strong></span> 
     </span>
    </p>
   </div>
   <div class='ocr_carea' id='block_1_6' title="bbox 56 956 870 2962">
    <p class='ocr_par' dir='ltr' id='par_1_6' title="bbox 68 956 869 1387">
     <span class='ocr_line' id='line_1_10' title="bbox 68 956 868 1036; baseline -0.001 -23"><span class='ocrx_word' id='word_1_70' title='bbox 68 959 158 1025; x_wconf 77' lang='grc' dir='ltr'>ιτοάως</span> <span class='ocrx_word' id='word_1_71' title='bbox 176 958 283 1036; x_wconf 71' lang='grc' dir='ltr'>ἐγένετο</span> <span class='ocrx_word' id='word_1_72' title='bbox 296 956 379 1015; x_wconf 81' lang='grc' dir='ltr'>κακόν</span> <span class='ocrx_word' id='word_1_73' title='bbox 393 980 419 1014; x_wconf 90' lang='grc' dir='ltr'><strong>τι</strong></span> <span class='ocrx_word' id='word_1_74' title='bbox 433 956 593 1027; x_wconf 76' lang='grc' dir='ltr'>διαθήσουσα</span> <span class='ocrx_word' id='word_1_75' title='bbox 609 957 656 1026; x_wconf 75' lang='grc' dir='ltr'><strong>τὴν</strong></span> <span class='ocrx_word' id='word_1_76' title='bbox 673 958 788 1029; x_wconf 73' lang='grc' dir='ltr'>θίαύην.</span> <span class='ocrx_word' id='word_1_77' title='bbox 833 959 868 1018; x_wconf 85' lang='lat' dir='ltr'><strong>‘ll</strong></span> 
     </span>
     <span class='ocr_line' id='line_1_11' title="bbox 87 1044 869 1125; baseline 0.006 -25"><span class='ocrx_word' id='word_1_78' title='bbox 87 1046 110 1101; x_wconf 81' lang='lat' dir='ltr'><strong>tl</strong></span> <span class='ocrx_word' id='word_1_79' title='bbox 126 1048 333 1125; x_wconf 76' lang='grc' dir='ltr'>βαρυμηνιεῗισαν</span> <span class='ocrx_word' id='word_1_80' title='bbox 347 1047 435 1120; x_wconf 77' lang='grc' dir='ltr'>θρώσα</span> <span class='ocrx_word' id='word_1_81' title='bbox 455 1044 501 1102; x_wconf 80' lang='grc' dir='ltr'><strong>καί</strong></span> <span class='ocrx_word' id='word_1_82' title='bbox 515 1045 602 1123; x_wconf 81' lang='grc' dir='ltr'>πάντῃ</span> <span class='ocrx_word' id='word_1_83' title='bbox 622 1047 791 1118; x_wconf 84' lang='grc' dir='ltr'>λυπηθεῖσαν,</span> <span class='ocrx_word' id='word_1_84' title='bbox 811 1048 869 1105; x_wconf 78' lang='grc' dir='ltr'>ἔπι-</span> 
     </span>
     <span class='ocr_line' id='line_1_12' title="bbox 88 1130 869 1212; baseline 0.006 -26"><span class='ocrx_word' id='word_1_85' title='bbox 88 1132 222 1190; x_wconf 76' lang='grc' dir='ltr'>θουλεῦσαι</span> <span class='ocrx_word' id='word_1_86' title='bbox 240 1132 382 1212; x_wconf 72' lang='grc' dir='ltr'>πρόχειρον</span> <span class='ocrx_word' id='word_1_87' title='bbox 397 1131 443 1188; x_wconf 85' lang='grc' dir='ltr'><strong>καλ</strong></span> <span class='ocrx_word' id='word_1_88' title='bbox 464 1131 515 1209; x_wconf 82' lang='grc' dir='ltr'><strong>οὐχ</strong></span> <span class='ocrx_word' id='word_1_89' title='bbox 528 1130 624 1201; x_wconf 77' lang='grc' dir='ltr'>ῆκισεα</span> <span class='ocrx_word' id='word_1_90' title='bbox 639 1134 676 1208; x_wconf 81' lang='grc' dir='ltr'><strong>τῷ</strong></span> <span class='ocrx_word' id='word_1_91' title='bbox 697 1154 724 1190; x_wconf 90' lang='grc' dir='ltr'><strong>τε</strong></span> <span class='ocrx_word' id='word_1_92' title='bbox 737 1136 811 1211; x_wconf 84' lang='grc' dir='ltr'>θυμῷ</span> <span class='ocrx_word' id='word_1_93' title='bbox 825 1132 869 1191; x_wconf 76' lang='grc' dir='ltr'><strong>καί</strong></span> 
     </span>
     <span class='ocr_line' id='line_1_13' title="bbox 86 1217 868 1299; baseline 0.004 -25"><span class='ocrx_word' id='word_1_94' title='bbox 86 1219 157 1295; x_wconf 87' lang='grc' dir='ltr'>ἔρωτι</span> <span class='ocrx_word' id='word_1_95' title='bbox 175 1223 313 1299; x_wconf 78' lang='grc' dir='ltr'>περιμανῆ</span> <span class='ocrx_word' id='word_1_96' title='bbox 328 1218 519 1298; x_wconf 67' lang='grc' dir='ltr'>τυγχάνουσαν,</span> <span class='ocrx_word' id='word_1_97' title='bbox 541 1217 606 1295; x_wconf 89' lang='grc' dir='ltr'>ἔγνω</span> <span class='ocrx_word' id='word_1_98' title='bbox 627 1219 789 1297; x_wconf 80' lang='grc' dir='ltr'>[προλαθεῑν</span> <span class='ocrx_word' id='word_1_99' title='bbox 803 1220 868 1299; x_wconf 81' lang='grc' dir='ltr'>καὶ]</span> 
     </span>
     <span class='ocr_line' id='line_1_14' title="bbox 87 1305 869 1387; baseline 0.004 -25"><span class='ocrx_word' id='word_1_100' title='bbox 87 1310 232 1386; x_wconf 79' lang='grc' dir='ltr'>φθῆναι,τῆ</span> <span class='ocrx_word' id='word_1_101' title='bbox 248 1306 310 1365; x_wconf 86' lang='grc' dir='ltr'>κατ’</span> <span class='ocrx_word' id='word_1_102' title='bbox 321 1306 421 1378; x_wconf 71' lang='grc' dir='ltr'>ἐκείνης</span> <span class='ocrx_word' id='word_1_103' title='bbox 435 1305 562 1385; x_wconf 81' lang='grc' dir='ltr'>ἔπιθουλῆ</span> <span class='ocrx_word' id='word_1_104' title='bbox 577 1306 709 1386; x_wconf 72' lang='grc' dir='ltr'>σωτηρίαν</span> <span class='ocrx_word' id='word_1_105' title='bbox 727 1310 807 1387; x_wconf 79' lang='grc' dir='ltr'>ἑαυτῇ</span> <span class='ocrx_word' id='word_1_106' title='bbox 821 1328 869 1365; x_wconf 85' lang='grc' dir='ltr'><strong>πε-</strong></span> 
     </span>
    </p>

    <p class='ocr_par' dir='ltr' id='par_1_7' title="bbox 57 1384 870 1825">
     <span class='ocr_line' id='line_1_15' title="bbox 57 1384 869 1471; baseline 0.007 -24"><span class='ocrx_word' id='word_1_107' title='bbox 57 1412 77 1448; x_wconf 87' lang='lat' dir='ltr'><strong>u</strong></span> <span class='ocrx_word' id='word_1_108' title='bbox 88 1399 230 1469; x_wconf 69' lang='lat' dir='ltr'><strong>pireneica·</strong></span> <span class='ocrx_word' id='word_1_109' title='bbox 246 1392 296 1452; x_wconf 86' lang='grc' dir='ltr'><strong>καλ</strong></span> <span class='ocrx_word' id='word_1_110' title='bbox 311 1396 507 1471; x_wconf 78' lang='grc' dir='ltr'>προσελθοῦσα,</span> <span class='ocrx_word' id='word_1_111' title='bbox 520 1397 555 1453; x_wconf 82' lang='grc' dir='ltr'><strong>Τί</strong></span> <span class='ocrx_word' id='word_1_112' title='bbox 574 1400 673 1465; x_wconf 79' lang='grc' dir='ltr'>ταῦτα,</span> <span class='ocrx_word' id='word_1_113' title='bbox 688 1384 710 1453; x_wconf 78' lang='grc' dir='ltr'>ώ</span> <span class='ocrx_word' id='word_1_114' title='bbox 732 1394 869 1467; x_wconf 78' lang='grc' dir='ltr'>δέσποινα,</span> 
     </span>
     <span class='ocr_line' id='line_1_16' title="bbox 86 1480 870 1560; baseline 0.003 -22"><span class='ocrx_word' id='word_1_115' title='bbox 86 1481 195 1556; x_wconf 53' lang='lat' dir='ltr'><strong>iterasti</strong></span> <span class='ocrx_word' id='word_1_116' title='bbox 205 1481 299 1558; x_wconf 89' lang='grc' dir='ltr'>μάτην</span> <span class='ocrx_word' id='word_1_117' title='bbox 308 1480 375 1559; x_wconf 77' lang='grc' dir='ltr'>ἔχεις</span> <span class='ocrx_word' id='word_1_118' title='bbox 385 1481 413 1536; x_wconf 76' lang='grc' dir='ltr'><strong>ἐν</strong></span> <span class='ocrx_word' id='word_1_119' title='bbox 420 1480 492 1556; x_wconf 79' lang='grc' dir='ltr'>αἰτίᾳ</span> <span class='ocrx_word' id='word_1_120' title='bbox 504 1480 552 1550; x_wconf 73' lang='grc' dir='ltr'><strong>τὴν</strong></span> <span class='ocrx_word' id='word_1_121' title='bbox 562 1480 610 1551; x_wconf 73' lang='grc' dir='ltr'><strong>σὴν</strong></span> <span class='ocrx_word' id='word_1_122' title='bbox 620 1483 790 1559; x_wconf 84' lang='grc' dir='ltr'>θεραπαινίδα</span> <span class='ocrx_word' id='word_1_123' title='bbox 799 1506 808 1554; x_wconf 88' lang='lat'>;</span> <span class='ocrx_word' id='word_1_124' title='bbox 819 1482 870 1560; x_wconf 74' lang='grc' dir='ltr'><strong>ἐγώ</strong></span> 
     </span>
     <span class='ocr_line' id='line_1_17' title="bbox 87 1567 869 1650; baseline 0.008 -27"><span class='ocrx_word' id='word_1_125' title='bbox 87 1568 130 1641; x_wconf 83' lang='grc' dir='ltr'><strong>μέν</strong></span> <span class='ocrx_word' id='word_1_126' title='bbox 142 1592 183 1627; x_wconf 94' lang='grc' dir='ltr'><strong>σοι</strong></span> <span class='ocrx_word' id='word_1_127' title='bbox 196 1570 264 1650; x_wconf 82' lang='grc' dir='ltr'>πρὸς</span> <span class='ocrx_word' id='word_1_128' title='bbox 280 1569 310 1627; x_wconf 84' lang='grc' dir='ltr'><strong>τὸ</strong></span> <span class='ocrx_word' id='word_1_129' title='bbox 326 1567 446 1645; x_wconf 83' lang='grc' dir='ltr'>βούλημα</span> <span class='ocrx_word' id='word_1_130' title='bbox 464 1567 494 1626; x_wconf 85' lang='grc' dir='ltr'><strong>εδ</strong></span> <span class='ocrx_word' id='word_1_131' title='bbox 505 1567 550 1627; x_wconf 87' lang='grc' dir='ltr'><strong>σδν</strong></span> <span class='ocrx_word' id='word_1_132' title='bbox 562 1569 605 1626; x_wconf 70' lang='lat' dir='ltr'><strong>lat</strong></span> <span class='ocrx_word' id='word_1_133' title='bbox 617 1593 645 1626; x_wconf 87' lang='grc' dir='ltr'><strong>τε</strong></span> <span class='ocrx_word' id='word_1_134' title='bbox 657 1569 703 1628; x_wconf 79' lang='grc' dir='ltr'><strong>καὶ</strong></span> <span class='ocrx_word' id='word_1_135' title='bbox 715 1575 759 1627; x_wconf 83' lang='grc' dir='ltr'><strong>νῦν</strong></span> <span class='ocrx_word' id='word_1_136' title='bbox 771 1574 869 1648; x_wconf 86' lang='grc' dir='ltr'>θπηρε·</span> 
     </span>
     <span class='ocr_line' id='line_1_18' title="bbox 84 1655 867 1734; baseline 0.004 -24"><span class='ocrx_word' id='word_1_137' title='bbox 84 1655 213 1734; x_wconf 82' lang='grc' dir='ltr'>τησάμην.</span> <span class='ocrx_word' id='word_1_138' title='bbox 260 1659 298 1720; x_wconf 82' lang='lat' dir='ltr'><strong>El</strong></span> <span class='ocrx_word' id='word_1_139' title='bbox 313 1655 341 1713; x_wconf 81' lang='grc' dir='ltr'>δί</span> <span class='ocrx_word' id='word_1_140' title='bbox 352 1679 377 1714; x_wconf 91' lang='grc' dir='ltr'><strong>τι</strong></span> <span class='ocrx_word' id='word_1_141' title='bbox 391 1659 443 1713; x_wconf 75' lang='grc' dir='ltr'><strong>τῶν</strong></span> <span class='ocrx_word' id='word_1_142' title='bbox 459 1655 497 1733; x_wconf 72' lang='grc' dir='ltr'><strong>μὴ</strong></span> <span class='ocrx_word' id='word_1_143' title='bbox 509 1655 580 1714; x_wconf 77' lang='grc' dir='ltr'>κατά</span> <span class='ocrx_word' id='word_1_144' title='bbox 593 1657 701 1731; x_wconf 82' lang='grc' dir='ltr'>γνώμην</span> <span class='ocrx_word' id='word_1_145' title='bbox 715 1657 867 1729; x_wconf 72' lang='grc' dir='ltr'>ἔκθέθηκεν,</span> 
     </span>
     <span class='ocr_line' id='line_1_19' title="bbox 84 1743 869 1825; baseline 0.006 -26"><span class='ocrx_word' id='word_1_146' title='bbox 84 1745 167 1802; x_wconf 64' lang='lat' dir='ltr'><strong>terion</strong></span> <span class='ocrx_word' id='word_1_147' title='bbox 193 1747 242 1822; x_wconf 74' lang='grc' dir='ltr'><strong>μὲν</strong></span> <span class='ocrx_word' id='word_1_148' title='bbox 265 1749 302 1825; x_wconf 75' lang='grc' dir='ltr'><strong>τῆ</strong></span> <span class='ocrx_word' id='word_1_149' title='bbox 328 1744 397 1824; x_wconf 77' lang='grc' dir='ltr'>τύχη</span> <span class='ocrx_word' id='word_1_150' title='bbox 422 1743 565 1821; x_wconf 74' lang='grc' dir='ltr'>λογιστέον,</span> <span class='ocrx_word' id='word_1_151' title='bbox 589 1744 692 1821; x_wconf 86' lang='grc' dir='ltr'>ἔτοιμος</span> <span class='ocrx_word' id='word_1_152' title='bbox 718 1747 740 1802; x_wconf 89' lang='grc' dir='ltr'>δ’</span> <span class='ocrx_word' id='word_1_153' title='bbox 757 1745 869 1823; x_wconf 66' lang='lat' dir='ltr'><strong>pepi),</strong></span> 
     </span>
    </p>

    <p class='ocr_par' dir='ltr' id='par_1_8' title="bbox 56 1832 870 2264">
     <span class='ocr_line' id='line_1_20' title="bbox 56 1832 868 1912; baseline 0.01 -25"><span class='ocrx_word' id='word_1_154' title='bbox 56 1851 75 1889; x_wconf 85' lang='grc' dir='ltr'><strong>ιε</strong></span> <span class='ocrx_word' id='word_1_155' title='bbox 85 1833 106 1888; x_wconf 84' lang='grc' dir='ltr'><strong>εί</strong></span> <span class='ocrx_word' id='word_1_156' title='bbox 126 1834 251 1903; x_wconf 80' lang='grc' dir='ltr'>κελεύεις,</span> <span class='ocrx_word' id='word_1_157' title='bbox 269 1837 382 1893; x_wconf 79' lang='grc' dir='ltr'>ἐπινοεῖν</span> <span class='ocrx_word' id='word_1_158' title='bbox 401 1856 459 1890; x_wconf 83' lang='grc' dir='ltr'>τινα</span> <span class='ocrx_word' id='word_1_159' title='bbox 479 1836 531 1891; x_wconf 80' lang='grc' dir='ltr'><strong>τῶν</strong></span> <span class='ocrx_word' id='word_1_160' title='bbox 551 1832 687 1912; x_wconf 87' lang='grc' dir='ltr'>παρόντων</span> <span class='ocrx_word' id='word_1_161' title='bbox 707 1833 791 1892; x_wconf 84' lang='grc' dir='ltr'>λύσιν.</span> <span class='ocrx_word' id='word_1_162' title='bbox 834 1834 868 1895; x_wconf 72' lang='grc' dir='ltr'><strong>Ἠ</strong></span> 
     </span>
     <span class='ocr_line' id='line_1_21' title="bbox 88 1918 870 2000; baseline 0.008 -25"><span class='ocrx_word' id='word_1_163' title='bbox 88 1918 126 1987; x_wconf 74' lang='lat' dir='ltr'><strong>ll,</strong></span> <span class='ocrx_word' id='word_1_164' title='bbox 143 1923 193 1980; x_wconf 76' lang='lat' dir='ltr'><strong>itai</strong></span> <span class='ocrx_word' id='word_1_165' title='bbox 208 1923 247 1989; x_wconf 85' lang='grc' dir='ltr'><strong>τίς</strong></span> <span class='ocrx_word' id='word_1_166' title='bbox 260 1923 296 1981; x_wconf 75' lang='grc' dir='ltr'><strong>ἂν</strong></span> <span class='ocrx_word' id='word_1_167' title='bbox 308 1920 440 1999; x_wconf 78' lang='grc' dir='ltr'>εὑρεθείη,</span> <span class='ocrx_word' id='word_1_168' title='bbox 454 1920 581 2000; x_wconf 80' lang='grc' dir='ltr'>φιλτάτη,</span> <span class='ocrx_word' id='word_1_169' title='bbox 594 1920 659 1999; x_wconf 89' lang='grc' dir='ltr'>ἔφη,</span> <span class='ocrx_word' id='word_1_170' title='bbox 670 1925 714 1980; x_wconf 79' lang='grc' dir='ltr'><strong>τοῦ</strong></span> <span class='ocrx_word' id='word_1_171' title='bbox 727 1921 870 1998; x_wconf 78' lang='grc' dir='ltr'>δυναμένου</span> 
     </span>
     <span class='ocr_line' id='line_1_22' title="bbox 86 2005 869 2087; baseline 0.004 -24"><span class='ocrx_word' id='word_1_172' title='bbox 86 2005 157 2065; x_wconf 76' lang='grc' dir='ltr'>λύσαι</span> <span class='ocrx_word' id='word_1_173' title='bbox 168 2009 200 2067; x_wconf 80' lang='grc' dir='ltr'><strong>τά</strong></span> <span class='ocrx_word' id='word_1_174' title='bbox 212 2016 257 2068; x_wconf 74' lang='grc' dir='ltr'><strong>νῦν</strong></span> <span class='ocrx_word' id='word_1_175' title='bbox 271 2008 393 2068; x_wconf 74' lang='grc' dir='ltr'>ἐκποδὼν</span> <span class='ocrx_word' id='word_1_176' title='bbox 403 2008 536 2086; x_wconf 80' lang='grc' dir='ltr'>γεγονότος</span> <span class='ocrx_word' id='word_1_177' title='bbox 548 2007 617 2083; x_wconf 78' lang='grc' dir='ltr'>κάμδ</span> <span class='ocrx_word' id='word_1_178' title='bbox 633 2012 678 2078; x_wconf 85' lang='grc' dir='ltr'><strong>τῆς</strong></span> <span class='ocrx_word' id='word_1_179' title='bbox 689 2011 753 2087; x_wconf 73' lang='grc' dir='ltr'>παρ’</span> <span class='ocrx_word' id='word_1_180' title='bbox 763 2009 869 2075; x_wconf 85' lang='grc' dir='ltr'>ἔλπίδας</span> 
     </span>
     <span class='ocr_line' id='line_1_23' title="bbox 86 2095 869 2177; baseline 0.01 -30"><span class='ocrx_word' id='word_1_181' title='bbox 86 2095 133 2148; x_wconf 76' lang='grc' dir='ltr'><strong>τῶν</strong></span> <span class='ocrx_word' id='word_1_182' title='bbox 154 2098 314 2166; x_wconf 74' lang='grc' dir='ltr'>δικαζόντων</span> <span class='ocrx_word' id='word_1_183' title='bbox 337 2095 535 2177; x_wconf 85' lang='grc' dir='ltr'>φιλανθρωπίας</span> <span class='ocrx_word' id='word_1_184' title='bbox 558 2095 710 2167; x_wconf 80' lang='grc' dir='ltr'>ἀνελούσης.</span> <span class='ocrx_word' id='word_1_185' title='bbox 761 2098 794 2155; x_wconf 73' lang='lat' dir='ltr'><strong>itt</strong></span> <span class='ocrx_word' id='word_1_186' title='bbox 819 2097 869 2176; x_wconf 90' lang='grc' dir='ltr'>γδιρ</span> 
     </span>
     <span class='ocr_line' id='line_1_24' title="bbox 86 2178 869 2264; baseline 0.006 -28"><span class='ocrx_word' id='word_1_187' title='bbox 86 2178 207 2256; x_wconf 75' lang='grc' dir='ltr'>ἔθάθλητο</span> <span class='ocrx_word' id='word_1_188' title='bbox 219 2191 278 2251; x_wconf 84' lang='grc' dir='ltr'>τοῖς</span> <span class='ocrx_word' id='word_1_189' title='bbox 292 2185 385 2256; x_wconf 86' lang='grc' dir='ltr'>λίθοις,</span> <span class='ocrx_word' id='word_1_190' title='bbox 399 2186 421 2241; x_wconf 81' lang='grc' dir='ltr'><strong>εἰ</strong></span> <span class='ocrx_word' id='word_1_191' title='bbox 432 2183 483 2261; x_wconf 76' lang='grc' dir='ltr'><strong>γάρ</strong></span> <span class='ocrx_word' id='word_1_192' title='bbox 496 2182 631 2264; x_wconf 73' lang='grc' dir='ltr'>ἀνῄρητο,</span> <span class='ocrx_word' id='word_1_193' title='bbox 650 2184 754 2251; x_wconf 89' lang='grc' dir='ltr'>πάντως</span> <span class='ocrx_word' id='word_1_194' title='bbox 769 2183 869 2244; x_wconf 82' lang='grc' dir='ltr'>ἂνκά-</span> 
     </span>
    </p>

    <p class='ocr_par' dir='ltr' id='par_1_9' title="bbox 56 2269 869 2700">
     <span class='ocr_line' id='line_1_25' title="bbox 56 2269 869 2350; baseline 0.01 -28"><span class='ocrx_word' id='word_1_195' title='bbox 56 2269 129 2339; x_wconf 76' lang='grc' dir='ltr'>ειι-μολ</span> <span class='ocrx_word' id='word_1_196' title='bbox 143 2275 311 2342; x_wconf 74' lang='grc' dir='ltr'>συντεθννίκει</span> <span class='ocrx_word' id='word_1_197' title='bbox 323 2271 358 2328; x_wconf 74' lang='grc' dir='ltr'><strong>τά</strong></span> <span class='ocrx_word' id='word_1_198' title='bbox 375 2275 420 2329; x_wconf 71' lang='grc' dir='ltr'><strong>τοῦ</strong></span> <span class='ocrx_word' id='word_1_199' title='bbox 432 2271 539 2338; x_wconf 88' lang='grc' dir='ltr'>πάθους.</span> <span class='ocrx_word' id='word_1_200' title='bbox 581 2272 622 2331; x_wconf 80' lang='grc' dir='ltr'><strong>Τὸ</strong></span> <span class='ocrx_word' id='word_1_201' title='bbox 636 2270 687 2350; x_wconf 80' lang='grc' dir='ltr'><strong>γάρ</strong></span> <span class='ocrx_word' id='word_1_202' title='bbox 707 2272 869 2331; x_wconf 83' lang='grc' dir='ltr'>άπελπισθέν</span> 
     </span>
     <span class='ocr_line' id='line_1_26' title="bbox 89 2354 869 2441; baseline 0.012 -32"><span class='ocrx_word' id='word_1_203' title='bbox 89 2354 161 2426; x_wconf 81' lang='grc' dir='ltr'>άπαξ,</span> <span class='ocrx_word' id='word_1_204' title='bbox 173 2359 301 2441; x_wconf 66' lang='grc' dir='ltr'>ἐξῄρηται</span> <span class='ocrx_word' id='word_1_205' title='bbox 311 2363 357 2427; x_wconf 85' lang='grc' dir='ltr'><strong>τῆς</strong></span> <span class='ocrx_word' id='word_1_206' title='bbox 370 2362 458 2438; x_wconf 68' lang='grc' dir='ltr'>ψυχῆς</span> <span class='ocrx_word' id='word_1_207' title='bbox 471 2359 516 2416; x_wconf 83' lang='grc' dir='ltr'><strong>καλ</strong></span> <span class='ocrx_word' id='word_1_208' title='bbox 528 2358 559 2416; x_wconf 86' lang='grc' dir='ltr'><strong>τθ</strong></span> <span class='ocrx_word' id='word_1_209' title='bbox 569 2359 720 2435; x_wconf 83' lang='grc' dir='ltr'>μηδαμόθεν</span> <span class='ocrx_word' id='word_1_210' title='bbox 736 2359 774 2418; x_wconf 80' lang='grc' dir='ltr'><strong>ἔτι</strong></span> <span class='ocrx_word' id='word_1_211' title='bbox 787 2383 869 2438; x_wconf 78' lang='grc' dir='ltr'>προσ·</span> 
     </span>
     <span class='ocr_line' id='line_1_27' title="bbox 86 2441 867 2526; baseline 0.009 -27"><span class='ocrx_word' id='word_1_212' title='bbox 86 2441 226 2520; x_wconf 82' lang='grc' dir='ltr'>δοκώμενον</span> <span class='ocrx_word' id='word_1_213' title='bbox 251 2448 386 2525; x_wconf 86' lang='grc' dir='ltr'>άπαλγεῖυ</span> <span class='ocrx_word' id='word_1_214' title='bbox 410 2446 605 2526; x_wconf 75' lang='grc' dir='ltr'>παρασκευάζει</span> <span class='ocrx_word' id='word_1_215' title='bbox 631 2447 691 2513; x_wconf 86' lang='grc' dir='ltr'>τοθς</span> <span class='ocrx_word' id='word_1_216' title='bbox 712 2447 867 2523; x_wconf 86' lang='grc' dir='ltr'>κάμνοντας.</span> 
     </span>
     <span class='ocr_line' id='line_1_28' title="bbox 89 2529 869 2614; baseline 0.01 -29"><span class='ocrx_word' id='word_1_217' title='bbox 89 2529 138 2586; x_wconf 74' lang='grc' dir='ltr'><strong>Νῦν</strong></span> <span class='ocrx_word' id='word_1_218' title='bbox 150 2534 172 2590; x_wconf 84' lang='grc' dir='ltr'>δ’</span> <span class='ocrx_word' id='word_1_219' title='bbox 186 2538 249 2613; x_wconf 65' lang='grc' dir='ltr'>δρᾶν</span> <span class='ocrx_word' id='word_1_220' title='bbox 265 2536 446 2614; x_wconf 71' lang='grc' dir='ltr'>φαντάζομαι,</span> <span class='ocrx_word' id='word_1_221' title='bbox 456 2534 584 2613; x_wconf 85' lang='grc' dir='ltr'>παρόντος</span> <span class='ocrx_word' id='word_1_222' title='bbox 596 2534 699 2594; x_wconf 78' lang='grc' dir='ltr'>άκούειν</span> <span class='ocrx_word' id='word_1_223' title='bbox 712 2538 869 2613; x_wconf 81' lang='grc' dir='ltr'>άπατῶμαι,</span> 
     </span>
     <span class='ocr_line' id='line_1_29' title="bbox 87 2617 869 2700; baseline 0.012 -29"><span class='ocrx_word' id='word_1_224' title='bbox 87 2617 232 2688; x_wconf 74' lang='grc' dir='ltr'>ὀνειδίζοντα</span> <span class='ocrx_word' id='word_1_225' title='bbox 246 2620 298 2691; x_wconf 72' lang='grc' dir='ltr'><strong>τῆν</strong></span> <span class='ocrx_word' id='word_1_226' title='bbox 317 2623 408 2680; x_wconf 81' lang='grc' dir='ltr'>άδικον</span> <span class='ocrx_word' id='word_1_227' title='bbox 422 2620 566 2692; x_wconf 76' lang='grc' dir='ltr'>ἐπιὸουλλν</span> <span class='ocrx_word' id='word_1_228' title='bbox 588 2621 749 2700; x_wconf 77' lang='grc' dir='ltr'>αἰσχύνομαι</span> <span class='ocrx_word' id='word_1_229' title='bbox 763 2622 869 2681; x_wconf 88' lang='grc' dir='ltr'>αυντεύ·</span> 
     </span>
    </p>

    <p class='ocr_par' dir='ltr' id='par_1_10' title="bbox 58 2701 870 2962">
     <span class='ocr_line' id='line_1_30' title="bbox 58 2701 869 2782; baseline 0 -14"><span class='ocrx_word' id='word_1_230' title='bbox 58 2726 79 2760; x_wconf 71' lang='lat'><strong>&#39;25</strong></span> <span class='ocrx_word' id='word_1_231' title='bbox 91 2701 184 2768; x_wconf 69' lang='grc' dir='ltr'>ξασθαι.</span> <span class='ocrx_word' id='word_1_232' title='bbox 208 2708 282 2771; x_wconf 68' lang='lat' dir='ltr'><strong>[loci</strong></span> <span class='ocrx_word' id='word_1_233' title='bbox 296 2709 317 2766; x_wconf 82' lang='grc' dir='ltr'>δ’</span> <span class='ocrx_word' id='word_1_234' title='bbox 331 2710 466 2767; x_wconf 67' lang='grc' dir='ltr'>ἐπελθόντι</span> <span class='ocrx_word' id='word_1_235' title='bbox 476 2709 522 2767; x_wconf 81' lang='grc' dir='ltr'><strong>καὶ</strong></span> <span class='ocrx_word' id='word_1_236' title='bbox 533 2709 705 2781; x_wconf 82' lang='grc' dir='ltr'>ἀπολαύσειν,</span> <span class='ocrx_word' id='word_1_237' title='bbox 716 2709 734 2781; x_wconf 63' lang='lat' dir='ltr'><strong>i,</strong></span> <span class='ocrx_word' id='word_1_238' title='bbox 745 2710 790 2768; x_wconf 80' lang='grc' dir='ltr'><strong>καὶ</strong></span> <span class='ocrx_word' id='word_1_239' title='bbox 802 2710 869 2782; x_wconf 79' lang='grc' dir='ltr'>αὐτ-λ</span> 
     </span>
     <span class='ocr_line' id='line_1_31' title="bbox 88 2789 870 2877; baseline 0.001 -22"><span class='ocrx_word' id='word_1_240' title='bbox 88 2796 144 2870; x_wconf 74' lang='grc' dir='ltr'>παρ’</span> <span class='ocrx_word' id='word_1_241' title='bbox 156 2798 251 2856; x_wconf 76' lang='grc' dir='ltr'>ἐκεῖνον</span> <span class='ocrx_word' id='word_1_242' title='bbox 270 2797 415 2877; x_wconf 73' lang='grc' dir='ltr'>φοιτήσειν,</span> <span class='ocrx_word' id='word_1_243' title='bbox 436 2796 502 2857; x_wconf 79' lang='grc' dir='ltr'>ὅπου</span> <span class='ocrx_word' id='word_1_244' title='bbox 516 2801 576 2855; x_wconf 88' lang='grc' dir='ltr'>ποτ’</span> <span class='ocrx_word' id='word_1_245' title='bbox 588 2796 621 2855; x_wconf 81' lang='grc' dir='ltr'><strong>δν</strong></span> <span class='ocrx_word' id='word_1_246' title='bbox 635 2789 652 2874; x_wconf 69' lang='grc' dir='ltr'>ᾖ</span> <span class='ocrx_word' id='word_1_247' title='bbox 674 2802 737 2874; x_wconf 84' lang='grc' dir='ltr'>γῆς,</span> <span class='ocrx_word' id='word_1_248' title='bbox 749 2797 870 2857; x_wconf 73' lang='grc' dir='ltr'>ὑποτίθε-</span> 
     </span>
     <span class='ocr_line' id='line_1_32' title="bbox 90 2882 868 2962; baseline 0 -20"><span class='ocrx_word' id='word_1_249' title='bbox 90 2900 142 2947; x_wconf 59' lang='grc' dir='ltr'>μοι.</span> <span class='ocrx_word' id='word_1_250' title='bbox 183 2886 275 2943; x_wconf 75' lang='grc' dir='ltr'>Ταῦθ’</span> <span class='ocrx_word' id='word_1_251' title='bbox 293 2884 441 2956; x_wconf 55' lang='lat' dir='ltr'><strong>cremata,</strong></span> <span class='ocrx_word' id='word_1_252' title='bbox 465 2884 684 2960; x_wconf 58' lang='lat' dir='ltr'><strong>sublimabu-</strong></span> <span class='ocrx_word' id='word_1_253' title='bbox 704 2882 792 2942; x_wconf 87' lang='grc' dir='ltr'>δίκαια</span> <span class='ocrx_word' id='word_1_254' title='bbox 808 2884 868 2962; x_wconf 81' lang='grc' dir='ltr'>μδν,</span> 
     </span>
    </p>
   </div>
   <div class='ocr_carea' id='block_1_7' title="bbox 89 2954 882 3051">
    <p class='ocr_par' dir='ltr' id='par_1_11' title="bbox 89 2954 882 3051">
     <span class='ocr_line' id='line_1_33' title="bbox 89 2954 882 3051; baseline 0.011 -30"><span class='ocrx_word' id='word_1_255' title='bbox 89 2954 183 3041; x_wconf 75' lang='grc' dir='ltr'>ώθιολ,</span> <span class='ocrx_word' id='word_1_256' title='bbox 205 2972 321 3050; x_wconf 80' lang='grc' dir='ltr'>πάσχω·</span> <span class='ocrx_word' id='word_1_257' title='bbox 343 2972 369 3029; x_wconf 86' lang='grc' dir='ltr'><strong>τί</strong></span> <span class='ocrx_word' id='word_1_258' title='bbox 391 2972 442 3051; x_wconf 78' lang='grc' dir='ltr'><strong>γὰρ</strong></span> <span class='ocrx_word' id='word_1_259' title='bbox 464 2974 493 3029; x_wconf 87' lang='grc' dir='ltr'><strong>ού</strong></span> <span class='ocrx_word' id='word_1_260' title='bbox 514 2974 649 3048; x_wconf 85' lang='grc' dir='ltr'>περιεῖπον</span> <span class='ocrx_word' id='word_1_261' title='bbox 673 2972 732 3028; x_wconf 76' lang='grc' dir='ltr'>ἀλλ’</span> <span class='ocrx_word' id='word_1_262' title='bbox 756 2969 882 3047; x_wconf 55' lang='grc' dir='ltr'><strong>ἐπιθού·ν</strong></span> 
     </span>
    </p>
   </div>
   <div class='ocr_carea' id='block_1_8' title="bbox 59 3052 870 4892">
    <p class='ocr_par' dir='ltr' id='par_1_12' title="bbox 59 3052 870 4892">
     <span class='ocr_line' id='line_1_34' title="bbox 90 3052 869 3138; baseline 0.013 -31"><span class='ocrx_word' id='word_1_263' title='bbox 90 3052 168 3126; x_wconf 83' lang='grc' dir='ltr'>λευον;</span> <span class='ocrx_word' id='word_1_264' title='bbox 188 3060 213 3117; x_wconf 87' lang='grc' dir='ltr'><strong>τί</strong></span> <span class='ocrx_word' id='word_1_265' title='bbox 228 3062 251 3118; x_wconf 89' lang='grc' dir='ltr'>δ’</span> <span class='ocrx_word' id='word_1_266' title='bbox 264 3062 316 3137; x_wconf 80' lang='grc' dir='ltr'><strong>οὐχ</strong></span> <span class='ocrx_word' id='word_1_267' title='bbox 327 3059 441 3118; x_wconf 76' lang='grc' dir='ltr'>ἱκέτευον</span> <span class='ocrx_word' id='word_1_268' title='bbox 455 3061 514 3117; x_wconf 77' lang='grc' dir='ltr'>ἀλλ’</span> <span class='ocrx_word' id='word_1_269' title='bbox 527 3059 652 3132; x_wconf 71' lang='grc' dir='ltr'>ἐδίωκον,</span> <span class='ocrx_word' id='word_1_270' title='bbox 667 3057 801 3138; x_wconf 75' lang='grc' dir='ltr'>ἠρνήσατο</span> <span class='ocrx_word' id='word_1_271' title='bbox 821 3058 869 3130; x_wconf 75' lang='grc' dir='ltr'><strong>τῆν</strong></span> 
     </span>
     <span class='ocr_line' id='line_1_35' title="bbox 59 3140 868 3246; baseline 0.02 -57"><span class='ocrx_word' id='word_1_272' title='bbox 59 3140 201 3246; x_wconf 73' lang='grc' dir='ltr'>ιοπρώτην,</span> <span class='ocrx_word' id='word_1_273' title='bbox 226 3149 299 3206; x_wconf 70' lang='grc' dir='ltr'>ἀλλὰ</span> <span class='ocrx_word' id='word_1_274' title='bbox 322 3146 518 3226; x_wconf 87' lang='grc' dir='ltr'>προσηκόντως.</span> <span class='ocrx_word' id='word_1_275' title='bbox 562 3145 714 3227; x_wconf 82' lang='grc' dir='ltr'>Ἀλλστρίαν</span> <span class='ocrx_word' id='word_1_276' title='bbox 738 3145 785 3222; x_wconf 75' lang='grc' dir='ltr'><strong>μίν</strong></span> <span class='ocrx_word' id='word_1_277' title='bbox 809 3149 868 3205; x_wconf 68' lang='grc' dir='ltr'>ἀλλ’</span> 
     </span>
     <span class='ocr_line' id='line_1_36' title="bbox 89 3231 870 3315; baseline 0.005 -27"><span class='ocrx_word' id='word_1_278' title='bbox 89 3247 129 3282; x_wconf 78' lang='grc' dir='ltr'><strong>νυν</strong></span> <span class='ocrx_word' id='word_1_279' title='bbox 144 3252 172 3306; x_wconf 93' lang='grc' dir='ltr'><strong>γε</strong></span> <span class='ocrx_word' id='word_1_280' title='bbox 194 3231 324 3315; x_wconf 77' lang='grc' dir='ltr'>πατρῴαν</span> <span class='ocrx_word' id='word_1_281' title='bbox 347 3232 421 3304; x_wconf 71' lang='grc' dir='ltr'>εὐνὴν</span> <span class='ocrx_word' id='word_1_282' title='bbox 444 3234 584 3313; x_wconf 67' lang='grc' dir='ltr'>ᾐσχύνετο.</span> <span class='ocrx_word' id='word_1_283' title='bbox 626 3234 717 3312; x_wconf 71' lang='grc' dir='ltr'>Τυχόν</span> <span class='ocrx_word' id='word_1_284' title='bbox 740 3232 773 3290; x_wconf 82' lang='grc' dir='ltr'><strong>άν</strong></span> <span class='ocrx_word' id='word_1_285' title='bbox 791 3257 870 3307; x_wconf 58' lang='grc' dir='ltr'>μετε*</span> 
     </span>
     <span class='ocr_line' id='line_1_37' title="bbox 90 3303 870 3403; baseline 0.004 -25"><span class='ocrx_word' id='word_1_286' title='bbox 90 3314 175 3389; x_wconf 63' lang='lat' dir='ltr'><strong>minin</strong></span> <span class='ocrx_word' id='word_1_287' title='bbox 184 3322 274 3402; x_wconf 79' lang='grc' dir='ltr'>χρόνῳ</span> <span class='ocrx_word' id='word_1_288' title='bbox 283 3321 347 3400; x_wconf 87' lang='grc' dir='ltr'>πρδς</span> <span class='ocrx_word' id='word_1_289' title='bbox 358 3322 390 3379; x_wconf 87' lang='grc' dir='ltr'><strong>τ“ο</strong></span> <span class='ocrx_word' id='word_1_290' title='bbox 399 3303 557 3403; x_wconf 74' lang='grc' dir='ltr'>ἡμερόύιρον</span> <span class='ocrx_word' id='word_1_291' title='bbox 568 3324 613 3381; x_wconf 81' lang='grc' dir='ltr'><strong>καλ</strong></span> <span class='ocrx_word' id='word_1_292' title='bbox 622 3327 706 3381; x_wconf 87' lang='grc' dir='ltr'>πειθοῖ</span> <span class='ocrx_word' id='word_1_293' title='bbox 720 3324 870 3398; x_wconf 87' lang='grc' dir='ltr'>μεταπλατ·</span> 
     </span>
     <span class='ocr_line' id='line_1_38' title="bbox 91 3398 869 3489; baseline 0.003 -22"><span class='ocrx_word' id='word_1_294' title='bbox 91 3398 196 3476; x_wconf 50' lang='lat' dir='ltr'><strong>‘temon</strong></span> <span class='ocrx_word' id='word_1_295' title='bbox 237 3409 299 3467; x_wconf 82' lang='grc' dir='ltr'>ἀλλ’</span> <span class='ocrx_word' id='word_1_296' title='bbox 313 3414 331 3479; x_wconf 72' lang='grc' dir='ltr'><strong>ί]</strong></span> <span class='ocrx_word' id='word_1_297' title='bbox 345 3409 475 3489; x_wconf 81' lang='grc' dir='ltr'>θηριώδης</span> <span class='ocrx_word' id='word_1_298' title='bbox 488 3410 541 3487; x_wconf 77' lang='grc' dir='ltr'><strong>ἐγὼ</strong></span> <span class='ocrx_word' id='word_1_299' title='bbox 558 3412 602 3469; x_wconf 86' lang='grc' dir='ltr'><strong>καὶ</strong></span> <span class='ocrx_word' id='word_1_300' title='bbox 617 3409 765 3489; x_wconf 69' lang='grc' dir='ltr'>ἀνήμερος,</span> <span class='ocrx_word' id='word_1_301' title='bbox 780 3410 869 3489; x_wconf 76' lang='grc' dir='ltr'>ὥσπερ</span> 
     </span>
     <span class='ocr_line' id='line_1_39' title="bbox 90 3488 870 3577; baseline 0.018 -35"><span class='ocrx_word' id='word_1_302' title='bbox 90 3488 132 3545; x_wconf 70' lang='grc' dir='ltr'>αλιι</span> <span class='ocrx_word' id='word_1_303' title='bbox 141 3492 225 3572; x_wconf 77' lang='grc' dir='ltr'>δρῶσά</span> <span class='ocrx_word' id='word_1_304' title='bbox 235 3519 307 3561; x_wconf 87' lang='grc' dir='ltr'>τινος</span> <span class='ocrx_word' id='word_1_305' title='bbox 317 3498 376 3554; x_wconf 77' lang='grc' dir='ltr'>ἀλλ’</span> <span class='ocrx_word' id='word_1_306' title='bbox 388 3497 518 3577; x_wconf 77' lang='grc' dir='ltr'>άρχουσα,</span> <span class='ocrx_word' id='word_1_307' title='bbox 532 3497 613 3556; x_wconf 87' lang='grc' dir='ltr'>δεινδν</span> <span class='ocrx_word' id='word_1_308' title='bbox 625 3495 664 3555; x_wconf 86' lang='grc' dir='ltr'><strong>ότι</strong></span> <span class='ocrx_word' id='word_1_309' title='bbox 678 3497 716 3574; x_wconf 81' lang='grc' dir='ltr'><strong>μὴ</strong></span> <span class='ocrx_word' id='word_1_310' title='bbox 727 3496 753 3565; x_wconf 78' lang='grc' dir='ltr'><strong>ἔξ</strong></span> <span class='ocrx_word' id='word_1_311' title='bbox 765 3498 870 3575; x_wconf 77' lang='grc' dir='ltr'>θπιτάγ-</span> 
     </span>
     <span class='ocr_line' id='line_1_40' title="bbox 60 3584 869 3662; baseline -0.007 -13"><span class='ocrx_word' id='word_1_312' title='bbox 60 3588 81 3627; x_wconf 76' lang='lat'><strong>³⁶</strong></span> <span class='ocrx_word' id='word_1_313' title='bbox 91 3594 164 3648; x_wconf 63' lang='lat' dir='ltr'><strong>imit</strong></span> <span class='ocrx_word' id='word_1_314' title='bbox 184 3585 334 3658; x_wconf 64' lang='grc' dir='ltr'>ὑπήκουσεν</span> <span class='ocrx_word' id='word_1_315' title='bbox 349 3585 514 3660; x_wconf 70' lang='grc' dir='ltr'>ἐποιησάμην</span> <span class='ocrx_word' id='word_1_316' title='bbox 529 3586 575 3642; x_wconf 80' lang='grc' dir='ltr'><strong>καλ</strong></span> <span class='ocrx_word' id='word_1_317' title='bbox 592 3586 616 3641; x_wconf 86' lang='grc' dir='ltr'><strong>εἰ</strong></span> <span class='ocrx_word' id='word_1_318' title='bbox 632 3588 680 3655; x_wconf 88' lang='grc' dir='ltr'><strong>τῆς</strong></span> <span class='ocrx_word' id='word_1_319' title='bbox 702 3584 869 3662; x_wconf 83' lang='grc' dir='ltr'>Δημαινίτης</span> 
     </span>
     <span class='ocr_line' id='line_1_41' title="bbox 91 3663 869 3752; baseline 0.019 -34"><span class='ocrx_word' id='word_1_320' title='bbox 91 3665 200 3746; x_wconf 71' lang='grc' dir='ltr'>ὑπερεῖδε</span> <span class='ocrx_word' id='word_1_321' title='bbox 213 3671 285 3733; x_wconf 75' lang='grc' dir='ltr'>πολὺ</span> <span class='ocrx_word' id='word_1_322' title='bbox 298 3671 348 3743; x_wconf 78' lang='grc' dir='ltr'><strong>τὴν</strong></span> <span class='ocrx_word' id='word_1_323' title='bbox 361 3671 433 3752; x_wconf 85' lang='grc' dir='ltr'>ώραν</span> <span class='ocrx_word' id='word_1_324' title='bbox 447 3673 529 3742; x_wconf 78' lang='grc' dir='ltr'>αὐτῆς</span> <span class='ocrx_word' id='word_1_325' title='bbox 542 3671 724 3750; x_wconf 77' lang='grc' dir='ltr'>θπιρθάλλων.</span> <span class='ocrx_word' id='word_1_326' title='bbox 767 3663 869 3732; x_wconf 77' lang='grc' dir='ltr'>Ἀλλίδ</span> 
     </span>
     <span class='ocr_line' id='line_1_42' title="bbox 91 3751 867 3841; baseline 0.008 -28"><span class='ocrx_word' id='word_1_327' title='bbox 91 3752 190 3824; x_wconf 84' lang='grc' dir='ltr'>γλυκεῖα</span> <span class='ocrx_word' id='word_1_328' title='bbox 202 3760 310 3831; x_wconf 62' lang='lat' dir='ltr'><strong>Oinoa,</strong></span> <span class='ocrx_word' id='word_1_329' title='bbox 326 3759 385 3818; x_wconf 86' lang='grc' dir='ltr'>τίνα</span> <span class='ocrx_word' id='word_1_330' title='bbox 406 3759 480 3817; x_wconf 86' lang='grc' dir='ltr'>λύσιν</span> <span class='ocrx_word' id='word_1_331' title='bbox 500 3758 632 3834; x_wconf 79' lang='grc' dir='ltr'>ὠνόμαζες</span> <span class='ocrx_word' id='word_1_332' title='bbox 647 3762 752 3841; x_wconf 72' lang='grc' dir='ltr'>ρηδίανς</span> <span class='ocrx_word' id='word_1_333' title='bbox 764 3751 805 3819; x_wconf 75' lang='grc' dir='ltr'>Ὦ</span> <span class='ocrx_word' id='word_1_334' title='bbox 826 3761 867 3819; x_wconf 80' lang='grc' dir='ltr'>δι’·</span> 
     </span>
     <span class='ocr_line' id='line_1_43' title="bbox 91 3847 867 3929; baseline 0.006 -27"><span class='ocrx_word' id='word_1_335' title='bbox 91 3856 190 3917; x_wconf 66' lang='lat' dir='ltr'><strong>onum,</strong></span> <span class='ocrx_word' id='word_1_336' title='bbox 202 3848 271 3929; x_wconf 83' lang='grc' dir='ltr'>ἔφη,</span> <span class='ocrx_word' id='word_1_337' title='bbox 285 3855 338 3913; x_wconf 81' lang='grc' dir='ltr'>τοῖς</span> <span class='ocrx_word' id='word_1_338' title='bbox 348 3848 453 3913; x_wconf 73' lang='grc' dir='ltr'>πολλοῖς</span> <span class='ocrx_word' id='word_1_339' title='bbox 467 3847 516 3923; x_wconf 80' lang='grc' dir='ltr'><strong>μθν</strong></span> <span class='ocrx_word' id='word_1_340' title='bbox 527 3851 541 3905; x_wconf 87' lang='grc' dir='ltr'>θ</span> <span class='ocrx_word' id='word_1_341' title='bbox 554 3847 669 3924; x_wconf 82' lang='grc' dir='ltr'>Κνήμων</span> <span class='ocrx_word' id='word_1_342' title='bbox 681 3848 808 3920; x_wconf 79' lang='grc' dir='ltr'>ὑπεξῆλθε</span> <span class='ocrx_word' id='word_1_343' title='bbox 823 3854 867 3907; x_wconf 74' lang='grc' dir='ltr'><strong>τοῦ</strong></span> 
     </span>
     <span class='ocr_line' id='line_1_44' title="bbox 92 3921 867 4015; baseline -0.005 -19"><span class='ocrx_word' id='word_1_344' title='bbox 92 3921 174 3996; x_wconf 59' lang='grc' dir='ltr'><strong>ὄσῐῑῡς</strong></span> <span class='ocrx_word' id='word_1_345' title='bbox 184 3937 229 3994; x_wconf 85' lang='grc' dir='ltr'><strong>καλ</strong></span> <span class='ocrx_word' id='word_1_346' title='bbox 237 3940 287 4006; x_wconf 87' lang='grc' dir='ltr'><strong>τῆς</strong></span> <span class='ocrx_word' id='word_1_347' title='bbox 296 3934 416 4006; x_wconf 83' lang='grc' dir='ltr'>Ἀττικῆς</span> <span class='ocrx_word' id='word_1_348' title='bbox 425 3934 560 4012; x_wconf 77' lang='grc' dir='ltr'>ἐξώρμησε</span> <span class='ocrx_word' id='word_1_349' title='bbox 571 3940 603 4015; x_wconf 84' lang='grc' dir='ltr'><strong>τῇ</strong></span> <span class='ocrx_word' id='word_1_350' title='bbox 615 3938 700 4014; x_wconf 83' lang='grc' dir='ltr'>κρίσει</span> <span class='ocrx_word' id='word_1_351' title='bbox 708 3934 867 4012; x_wconf 86' lang='grc' dir='ltr'>πειθόμενος,</span> 
     </span>
     <span class='ocr_line' id='line_1_45' title="bbox 59 4011 868 4101; baseline 0.006 -26"><span class='ocrx_word' id='word_1_352' title='bbox 59 4024 80 4057; x_wconf 73' lang='lat'><strong>⁴¹·</strong></span> <span class='ocrx_word' id='word_1_353' title='bbox 92 4011 133 4083; x_wconf 66' lang='grc' dir='ltr'><strong>ίμδ</strong></span> <span class='ocrx_word' id='word_1_354' title='bbox 149 4019 171 4075; x_wconf 79' lang='grc' dir='ltr'>δ’</span> <span class='ocrx_word' id='word_1_355' title='bbox 191 4023 297 4081; x_wconf 67' lang='grc' dir='ltr'>ἅπαντα</span> <span class='ocrx_word' id='word_1_356' title='bbox 311 4022 355 4080; x_wconf 89' lang='grc' dir='ltr'><strong>διά</strong></span> <span class='ocrx_word' id='word_1_357' title='bbox 377 4045 406 4080; x_wconf 91' lang='grc' dir='ltr'><strong>σε</strong></span> <span class='ocrx_word' id='word_1_358' title='bbox 426 4022 682 4101; x_wconf 72' lang='grc' dir='ltr'>πραγματιυομένην</span> <span class='ocrx_word' id='word_1_359' title='bbox 702 4026 749 4082; x_wconf 85' lang='grc' dir='ltr'><strong>οὐκ</strong></span> <span class='ocrx_word' id='word_1_360' title='bbox 768 4023 868 4095; x_wconf 83' lang='grc' dir='ltr'>ἔλαθεν,</span> 
     </span>
     <span class='ocr_line' id='line_1_46' title="bbox 92 4100 868 4190; baseline 0.003 -25"><span class='ocrx_word' id='word_1_361' title='bbox 92 4100 164 4161; x_wconf 62' lang='grc' dir='ltr'>ῦῦτνύ</span> <span class='ocrx_word' id='word_1_362' title='bbox 176 4117 225 4169; x_wconf 75' lang='grc' dir='ltr'><strong>ποῦ</strong></span> <span class='ocrx_word' id='word_1_363' title='bbox 237 4110 291 4190; x_wconf 87' lang='grc' dir='ltr'><strong>πρδ</strong></span> <span class='ocrx_word' id='word_1_364' title='bbox 310 4115 355 4168; x_wconf 74' lang='grc' dir='ltr'><strong>τοῦ</strong></span> <span class='ocrx_word' id='word_1_365' title='bbox 368 4102 460 4176; x_wconf 81' lang='grc' dir='ltr'>άστιος</span> <span class='ocrx_word' id='word_1_366' title='bbox 477 4111 738 4189; x_wconf 85' lang='grc' dir='ltr'>παρακρυπτόμενος.</span> <span class='ocrx_word' id='word_1_367' title='bbox 782 4111 868 4189; x_wconf 67' lang='lat' dir='ltr'><strong>&#39;depcr-</strong></span> 
     </span>
     <span class='ocr_line' id='line_1_47' title="bbox 86 4187 868 4277; baseline -0.004 -19"><span class='ocrx_word' id='word_1_368' title='bbox 86 4187 147 4258; x_wconf 53' lang='lat' dir='ltr'><strong>*ro&#39;ue</strong></span> <span class='ocrx_word' id='word_1_369' title='bbox 161 4196 263 4264; x_wconf 68' lang='grc' dir='ltr'>ἀκούεις</span> <span class='ocrx_word' id='word_1_370' title='bbox 276 4218 328 4254; x_wconf 85' lang='grc' dir='ltr'><strong>που</strong></span> <span class='ocrx_word' id='word_1_371' title='bbox 346 4195 450 4263; x_wconf 90' lang='grc' dir='ltr'>πάντως</span> <span class='ocrx_word' id='word_1_372' title='bbox 463 4196 511 4268; x_wconf 77' lang='grc' dir='ltr'><strong>τὴν</strong></span> <span class='ocrx_word' id='word_1_373' title='bbox 532 4197 693 4277; x_wconf 70' lang='grc' dir='ltr'>αὐλητρίδα,</span> <span class='ocrx_word' id='word_1_374' title='bbox 705 4195 789 4274; x_wconf 80' lang='grc' dir='ltr'>ταύτῃ</span> <span class='ocrx_word' id='word_1_375' title='bbox 811 4194 868 4256; x_wconf 74' lang='grc' dir='ltr'><strong>ἐκέ-</strong></span> 
     </span>
     <span class='ocr_line' id='line_1_48' title="bbox 92 4283 867 4365; baseline -0.005 -18"><span class='ocrx_word' id='word_1_376' title='bbox 92 4292 177 4351; x_wconf 59' lang='lat' dir='ltr'><strong>ipsun,</strong></span> <span class='ocrx_word' id='word_1_377' title='bbox 218 4284 297 4347; x_wconf 80' lang='grc' dir='ltr'>Μετδ</span> <span class='ocrx_word' id='word_1_378' title='bbox 309 4283 337 4344; x_wconf 83' lang='grc' dir='ltr'><strong>δδ</strong></span> <span class='ocrx_word' id='word_1_379' title='bbox 351 4285 399 4354; x_wconf 77' lang='grc' dir='ltr'><strong>τῆν</strong></span> <span class='ocrx_word' id='word_1_380' title='bbox 412 4284 565 4364; x_wconf 81' lang='grc' dir='ltr'>δυστυχίαν,</span> <span class='ocrx_word' id='word_1_381' title='bbox 587 4285 742 4365; x_wconf 82' lang='grc' dir='ltr'>θποδέχεται</span> <span class='ocrx_word' id='word_1_382' title='bbox 759 4285 835 4343; x_wconf 87' lang='grc' dir='ltr'>αθτδν</span> <span class='ocrx_word' id='word_1_383' title='bbox 849 4290 867 4357; x_wconf 75' lang='grc' dir='ltr'>ἡ</span> 
     </span>
     <span class='ocr_line' id='line_1_49' title="bbox 93 4363 867 4451; baseline 0 -22"><span class='ocrx_word' id='word_1_384' title='bbox 93 4363 177 4441; x_wconf 61' lang='lat' dir='ltr'><strong>palpa}</strong></span> <span class='ocrx_word' id='word_1_385' title='bbox 190 4374 236 4431; x_wconf 83' lang='grc' dir='ltr'><strong>καλ</strong></span> <span class='ocrx_word' id='word_1_386' title='bbox 258 4372 429 4451; x_wconf 88' lang='grc' dir='ltr'>συναπαίρειν</span> <span class='ocrx_word' id='word_1_387' title='bbox 453 4372 684 4451; x_wconf 83' lang='grc' dir='ltr'>ἔπαγγιλλομένη,</span> <span class='ocrx_word' id='word_1_388' title='bbox 704 4373 769 4451; x_wconf 89' lang='grc' dir='ltr'>παρ’</span> <span class='ocrx_word' id='word_1_389' title='bbox 788 4375 867 4450; x_wconf 69' lang='grc' dir='ltr'>ἑαυτῆ</span> 
     </span>
     <span class='ocr_line' id='line_1_50' title="bbox 60 4450 867 4540; baseline 0.004 -21"><span class='ocrx_word' id='word_1_390' title='bbox 60 4455 82 4489; x_wconf 60' lang='lat'><strong>⁴⁶</strong></span> <span class='ocrx_word' id='word_1_391' title='bbox 94 4450 207 4531; x_wconf 57' lang='grc' dir='ltr'><strong>κατἔχει,</strong></span> <span class='ocrx_word' id='word_1_392' title='bbox 231 4460 412 4540; x_wconf 84' lang='grc' dir='ltr'>κρυπτόμενον</span> <span class='ocrx_word' id='word_1_393' title='bbox 435 4460 515 4538; x_wconf 77' lang='grc' dir='ltr'>τέως,</span> <span class='ocrx_word' id='word_1_394' title='bbox 541 4459 589 4527; x_wconf 79' lang='grc' dir='ltr'>ἔως</span> <span class='ocrx_word' id='word_1_395' title='bbox 612 4459 644 4518; x_wconf 74' lang='grc' dir='ltr'><strong>δν</strong></span> <span class='ocrx_word' id='word_1_396' title='bbox 664 4459 867 4532; x_wconf 84' lang='grc' dir='ltr'>συσκευάσηται.</span> 
     </span>
     <span class='ocr_line' id='line_1_51' title="bbox 95 4532 868 4629; baseline -0.004 -20"><span class='ocrx_word' id='word_1_397' title='bbox 95 4532 170 4609; x_wconf 58' lang='lat' dir='ltr'><strong>“iiii</strong></span> <span class='ocrx_word' id='word_1_398' title='bbox 189 4548 355 4625; x_wconf 78' lang='grc' dir='ltr'>Δημαινέτη,</span> <span class='ocrx_word' id='word_1_399' title='bbox 368 4548 496 4629; x_wconf 86' lang='grc' dir='ltr'>Μακαρία</span> <span class='ocrx_word' id='word_1_400' title='bbox 516 4548 563 4623; x_wconf 76' lang='grc' dir='ltr'><strong>μίν</strong></span> <span class='ocrx_word' id='word_1_401' title='bbox 577 4547 710 4629; x_wconf 77' lang='grc' dir='ltr'>Ἀρσινόη,</span> <span class='ocrx_word' id='word_1_402' title='bbox 724 4549 802 4628; x_wconf 83' lang='grc' dir='ltr'>φησὶ,</span> <span class='ocrx_word' id='word_1_403' title='bbox 821 4554 868 4620; x_wconf 86' lang='grc' dir='ltr'><strong>τῆς</strong></span> 
     </span>
     <span class='ocr_line' id='line_1_52' title="bbox 93 4628 868 4717; baseline 0.005 -26"><span class='ocrx_word' id='word_1_404' title='bbox 93 4628 246 4714; x_wconf 60' lang='grc' dir='ltr'>ἲῑπρότερσν</span> <span class='ocrx_word' id='word_1_405' title='bbox 257 4636 321 4715; x_wconf 81' lang='grc' dir='ltr'>πρὸς</span> <span class='ocrx_word' id='word_1_406' title='bbox 331 4636 618 4713; x_wconf 56' lang='lat' dir='ltr'><strong>desponsaverunt«,</strong></span> <span class='ocrx_word' id='word_1_407' title='bbox 630 4638 728 4707; x_wconf 77' lang='grc' dir='ltr'>καὶτῆς</span> <span class='ocrx_word' id='word_1_408' title='bbox 739 4636 786 4695; x_wconf 85' lang='grc' dir='ltr'><strong>σθν</strong></span> <span class='ocrx_word' id='word_1_409' title='bbox 797 4638 868 4717; x_wconf 80' lang='grc' dir='ltr'>αὐτῷ</span> 
     </span>
     <span class='ocr_line' id='line_1_53' title="bbox 94 4713 869 4801; baseline 0.001 -18"><span class='ocrx_word' id='word_1_410' title='bbox 94 4713 143 4770; x_wconf 66' lang='lat' dir='ltr'><strong>toul</strong></span> <span class='ocrx_word' id='word_1_411' title='bbox 171 4724 391 4800; x_wconf 74' lang='grc' dir='ltr'>προσδοκωμένης</span> <span class='ocrx_word' id='word_1_412' title='bbox 411 4727 548 4801; x_wconf 75' lang='grc' dir='ltr'>ἐκδημίας.</span> <span class='ocrx_word' id='word_1_413' title='bbox 591 4724 670 4785; x_wconf 79' lang='grc' dir='ltr'>Ἀλλά</span> <span class='ocrx_word' id='word_1_414' title='bbox 688 4728 715 4783; x_wconf 90' lang='grc' dir='ltr'><strong>τί</strong></span> <span class='ocrx_word' id='word_1_415' title='bbox 739 4725 812 4785; x_wconf 70' lang='grc' dir='ltr'>ταῦτ’</span> <span class='ocrx_word' id='word_1_416' title='bbox 836 4726 869 4784; x_wconf 82' lang='grc' dir='ltr'><strong>άν</strong></span> 
     </span>
     <span class='ocr_line' id='line_1_54' title="bbox 95 4794 868 4892; baseline 0.005 -25"><span class='ocrx_word' id='word_1_417' title='bbox 95 4794 130 4867; x_wconf 72' lang='lat' dir='ltr'><strong>et,</strong></span> <span class='ocrx_word' id='word_1_418' title='bbox 145 4806 207 4880; x_wconf 63' lang='grc' dir='ltr'>πρὸς</span> <span class='ocrx_word' id='word_1_419' title='bbox 221 4814 309 4886; x_wconf 72' lang='grc' dir='ltr'>ῆμθςς</span> <span class='ocrx_word' id='word_1_420' title='bbox 333 4813 460 4891; x_wconf 80' lang='grc' dir='ltr'>Μεγάλαι,</span> <span class='ocrx_word' id='word_1_421' title='bbox 483 4812 549 4892; x_wconf 78' lang='grc' dir='ltr'>ἔφη,</span> <span class='ocrx_word' id='word_1_422' title='bbox 571 4802 593 4871; x_wconf 79' lang='grc' dir='ltr'><em>ὦ</em></span> <span class='ocrx_word' id='word_1_423' title='bbox 613 4811 744 4873; x_wconf 78' lang='grc' dir='ltr'>δίσποινα.</span> <span class='ocrx_word' id='word_1_424' title='bbox 787 4813 868 4892; x_wconf 72' lang='grc' dir='ltr'>Ἰἰρᾶν</span> 
     </span>
    </p>
   </div>
   <div class='ocr_carea' id='block_1_9' title="bbox 62 4879 869 4980">
    <p class='ocr_par' dir='ltr' id='par_1_13' title="bbox 62 4879 869 4980">
     <span class='ocr_line' id='line_1_55' title="bbox 62 4879 869 4980; baseline 0.015 -32"><span class='ocrx_word' id='word_1_425' title='bbox 62 4888 84 4925; x_wconf 68' lang='lat'><strong>⁶⁰</strong></span> <span class='ocrx_word' id='word_1_426' title='bbox 96 4879 138 4949; x_wconf 54' lang='lat' dir='ltr'><strong>iiii</strong></span> <span class='ocrx_word' id='word_1_427' title='bbox 151 4890 202 4965; x_wconf 68' lang='lat' dir='ltr'><strong>trab</strong></span> <span class='ocrx_word' id='word_1_428' title='bbox 214 4898 428 4976; x_wconf 84' lang='grc' dir='ltr'>προσποιήσομαι</span> <span class='ocrx_word' id='word_1_429' title='bbox 451 4904 497 4958; x_wconf 80' lang='grc' dir='ltr'><strong>τοῦ</strong></span> <span class='ocrx_word' id='word_1_430' title='bbox 519 4899 676 4977; x_wconf 73' lang='grc' dir='ltr'>Κνήμωνος,</span> <span class='ocrx_word' id='word_1_431' title='bbox 692 4903 869 4980; x_wconf 80' lang='grc' dir='ltr'>παρακαλέσαι</span> 
     </span>
    </p>
   </div>
   <div class='ocr_carea' id='block_1_10' title="bbox 912 969 1767 4965">
    <p class='ocr_par' dir='ltr' id='par_1_14' title="bbox 912 969 1767 4965">
     <span class='ocr_line' id='line_1_56' title="bbox 914 969 1703 1034; baseline 0.008 -16"><span class='ocrx_word' id='word_1_432' title='bbox 914 969 948 1019; x_wconf 90' lang='lat' dir='ltr'><strong>illi</strong></span> <span class='ocrx_word' id='word_1_433' title='bbox 961 970 1017 1019; x_wconf 89' lang='lat' dir='ltr'><strong>maii</strong></span> <span class='ocrx_word' id='word_1_434' title='bbox 1030 969 1120 1032; x_wconf 86' lang='lat' dir='ltr'><strong>aliquid</strong></span> <span class='ocrx_word' id='word_1_435' title='bbox 1135 970 1258 1020; x_wconf 74' lang='lat' dir='ltr'><strong>molitura.</strong></span> <span class='ocrx_word' id='word_1_436' title='bbox 1292 971 1335 1020; x_wconf 88' lang='lat' dir='ltr'><strong>llia</strong></span> <span class='ocrx_word' id='word_1_437' title='bbox 1350 982 1408 1019; x_wconf 82' lang='lat' dir='ltr'><strong>vero</strong></span> <span class='ocrx_word' id='word_1_438' title='bbox 1418 971 1524 1031; x_wconf 78' lang='lat' dir='ltr'><strong>grauiter</strong></span> <span class='ocrx_word' id='word_1_439' title='bbox 1538 973 1703 1034; x_wconf 70' lang='lat' dir='ltr'><strong>indignantem</strong></span> 
     </span>
     <span class='ocr_line' id='line_1_57' title="bbox 914 1057 1704 1122; baseline 0.009 -19"><span class='ocrx_word' id='word_1_440' title='bbox 914 1057 1028 1106; x_wconf 74' lang='lat' dir='ltr'><strong>videncet</strong></span> <span class='ocrx_word' id='word_1_441' title='bbox 1038 1057 1137 1106; x_wconf 87' lang='lat' dir='ltr'><strong>omnino</strong></span> <span class='ocrx_word' id='word_1_442' title='bbox 1148 1070 1251 1106; x_wconf 85' lang='lat' dir='ltr'><strong>moerore</strong></span> <span class='ocrx_word' id='word_1_443' title='bbox 1262 1057 1389 1119; x_wconf 82' lang='lat' dir='ltr'><strong>perditam,</strong></span> <span class='ocrx_word' id='word_1_444' title='bbox 1402 1060 1558 1122; x_wconf 84' lang='lat' dir='ltr'><strong>paratamque</strong></span> <span class='ocrx_word' id='word_1_445' title='bbox 1567 1059 1596 1108; x_wconf 86' lang='lat' dir='ltr'><strong>ad</strong></span> <span class='ocrx_word' id='word_1_446' title='bbox 1605 1060 1704 1115; x_wconf 81' lang='lat' dir='ltr'><strong>lusidius</strong></span> 
     </span>
     <span class='ocr_line' id='line_1_58' title="bbox 914 1144 1703 1207; baseline 0.009 -16"><span class='ocrx_word' id='word_1_447' title='bbox 914 1144 1041 1207; x_wconf 83' lang='lat' dir='ltr'><strong>parandas,</strong></span> <span class='ocrx_word' id='word_1_448' title='bbox 1051 1144 1087 1193; x_wconf 86' lang='lat' dir='ltr'><strong>ira</strong></span> <span class='ocrx_word' id='word_1_449' title='bbox 1098 1144 1170 1193; x_wconf 88' lang='lat' dir='ltr'><strong>simol</strong></span> <span class='ocrx_word' id='word_1_450' title='bbox 1182 1146 1207 1194; x_wconf 89' lang='lat' dir='ltr'><strong>et</strong></span> <span class='ocrx_word' id='word_1_451' title='bbox 1220 1157 1301 1194; x_wconf 87' lang='lat' dir='ltr'><strong>amore</strong></span> <span class='ocrx_word' id='word_1_452' title='bbox 1312 1144 1484 1206; x_wconf 85' lang='lat' dir='ltr'><strong>insanientem,</strong></span> <span class='ocrx_word' id='word_1_453' title='bbox 1493 1147 1576 1196; x_wconf 88' lang='lat' dir='ltr'><strong>statuit</strong></span> <span class='ocrx_word' id='word_1_454' title='bbox 1586 1148 1651 1197; x_wconf 87' lang='lat' dir='ltr'><strong>itiam</strong></span> <span class='ocrx_word' id='word_1_455' title='bbox 1661 1162 1703 1198; x_wconf 85' lang='lat' dir='ltr'><strong>au-</strong></span> 
     </span>
     <span class='ocr_line' id='line_1_59' title="bbox 914 1231 1704 1297; baseline 0.003 -15"><span class='ocrx_word' id='word_1_456' title='bbox 914 1232 1036 1293; x_wconf 80' lang='lat' dir='ltr'><strong>tevenire,</strong></span> <span class='ocrx_word' id='word_1_457' title='bbox 1045 1231 1360 1297; x_wconf 81' lang='lat' dir='ltr'><strong>insidiisitilstrpeiissaluti</strong></span> <span class='ocrx_word' id='word_1_458' title='bbox 1371 1245 1422 1282; x_wconf 86' lang='lat' dir='ltr'><strong>suae</strong></span> <span class='ocrx_word' id='word_1_459' title='bbox 1434 1233 1576 1293; x_wconf 84' lang='lat' dir='ltr'><strong>consulens;</strong></span> <span class='ocrx_word' id='word_1_460' title='bbox 1587 1238 1611 1283; x_wconf 92' lang='lat' dir='ltr'><strong>et</strong></span> <span class='ocrx_word' id='word_1_461' title='bbox 1620 1234 1704 1284; x_wconf 81' lang='lat' dir='ltr'><strong>adicus</strong></span> 
     </span>
     <span class='ocr_line' id='line_1_60' title="bbox 914 1319 1704 1380; baseline 0.001 -11"><span class='ocrx_word' id='word_1_462' title='bbox 914 1332 983 1379; x_wconf 89' lang='lat' dir='ltr'><strong>cam,</strong></span> <span class='ocrx_word' id='word_1_463' title='bbox 996 1320 1060 1377; x_wconf 86' lang='lat' dir='ltr'><strong>Quid</strong></span> <span class='ocrx_word' id='word_1_464' title='bbox 1070 1324 1106 1370; x_wconf 80' lang='lat' dir='ltr'><strong>est</strong></span> <span class='ocrx_word' id='word_1_465' title='bbox 1118 1320 1177 1379; x_wconf 85' lang='lat' dir='ltr'><strong>boc,</strong></span> <span class='ocrx_word' id='word_1_466' title='bbox 1188 1319 1324 1380; x_wconf 84' lang='lat' dir='ltr'><strong>odomtm,</strong></span> <span class='ocrx_word' id='word_1_467' title='bbox 1335 1319 1444 1380; x_wconf 79' lang='lat' dir='ltr'><strong>dicebat,</strong></span> <span class='ocrx_word' id='word_1_468' title='bbox 1456 1333 1501 1370; x_wconf 90' lang='lat' dir='ltr'><strong>cur</strong></span> <span class='ocrx_word' id='word_1_469' title='bbox 1509 1321 1596 1370; x_wconf 77' lang='lat' dir='ltr'><strong>inuisa</strong></span> <span class='ocrx_word' id='word_1_470' title='bbox 1604 1334 1704 1371; x_wconf 76' lang='lat' dir='ltr'><strong>accersas</strong></span> 
     </span>
     <span class='ocr_line' id='line_1_61' title="bbox 914 1407 1701 1469; baseline 0.001 -12"><span class='ocrx_word' id='word_1_471' title='bbox 914 1408 1031 1457; x_wconf 76' lang='lat' dir='ltr'><strong>[amulam</strong></span> <span class='ocrx_word' id='word_1_472' title='bbox 1043 1410 1128 1457; x_wconf 80' lang='lat' dir='ltr'><strong>tuam?</strong></span> <span class='ocrx_word' id='word_1_473' title='bbox 1138 1411 1188 1467; x_wconf 74' lang='lat' dir='ltr'><strong>ligo</strong></span> <span class='ocrx_word' id='word_1_474' title='bbox 1197 1407 1294 1469; x_wconf 80' lang='lat' dir='ltr'><strong>quidem</strong></span> <span class='ocrx_word' id='word_1_475' title='bbox 1307 1407 1424 1457; x_wconf 81' lang='lat' dir='ltr'><strong>voluntati</strong></span> <span class='ocrx_word' id='word_1_476' title='bbox 1432 1410 1482 1458; x_wconf 80' lang='lat' dir='ltr'><strong>tuae</strong></span> <span class='ocrx_word' id='word_1_477' title='bbox 1492 1420 1548 1457; x_wconf 88' lang='lat' dir='ltr'><strong>oum</strong></span> <span class='ocrx_word' id='word_1_478' title='bbox 1560 1410 1629 1458; x_wconf 89' lang='lat' dir='ltr'><strong>antea</strong></span> <span class='ocrx_word' id='word_1_479' title='bbox 1640 1422 1701 1458; x_wconf 89' lang='lat' dir='ltr'><strong>scm·</strong></span> 
     </span>
     <span class='ocr_line' id='line_1_62' title="bbox 914 1494 1702 1557; baseline 0.003 -14"><span class='ocrx_word' id='word_1_480' title='bbox 914 1509 956 1557; x_wconf 86' lang='lat' dir='ltr'><strong>per</strong></span> <span class='ocrx_word' id='word_1_481' title='bbox 963 1498 1017 1543; x_wconf 91' lang='lat' dir='ltr'><strong>tum</strong></span> <span class='ocrx_word' id='word_1_482' title='bbox 1026 1494 1099 1544; x_wconf 88' lang='lat' dir='ltr'><strong>etiam</strong></span> <span class='ocrx_word' id='word_1_483' title='bbox 1110 1507 1175 1543; x_wconf 93' lang='lat' dir='ltr'><strong>nunc</strong></span> <span class='ocrx_word' id='word_1_484' title='bbox 1184 1508 1237 1543; x_wconf 85' lang='lat' dir='ltr'><strong>sum</strong></span> <span class='ocrx_word' id='word_1_485' title='bbox 1247 1494 1377 1543; x_wconf 64' lang='lat' dir='ltr'><strong>obscula:</strong></span> <span class='ocrx_word' id='word_1_486' title='bbox 1387 1495 1452 1557; x_wconf 79' lang='lat' dir='ltr'><strong>qsiod</strong></span> <span class='ocrx_word' id='word_1_487' title='bbox 1460 1496 1480 1544; x_wconf 88' lang='lat' dir='ltr'><strong>si</strong></span> <span class='ocrx_word' id='word_1_488' title='bbox 1490 1495 1580 1557; x_wconf 87' lang='lat' dir='ltr'><strong>aliquid</strong></span> <span class='ocrx_word' id='word_1_489' title='bbox 1593 1509 1640 1545; x_wconf 91' lang='lat' dir='ltr'><strong>nun</strong></span> <span class='ocrx_word' id='word_1_490' title='bbox 1649 1510 1702 1546; x_wconf 83' lang='lat' dir='ltr'><strong>ere·</strong></span> 
     </span>
     <span class='ocr_line' id='line_1_63' title="bbox 914 1581 1702 1640; baseline 0.003 -10"><span class='ocrx_word' id='word_1_491' title='bbox 914 1583 949 1631; x_wconf 91' lang='lat' dir='ltr'><strong>uit</strong></span> <span class='ocrx_word' id='word_1_492' title='bbox 958 1596 990 1631; x_wconf 75' lang='lat' dir='ltr'><strong>ea</strong></span> <span class='ocrx_word' id='word_1_493' title='bbox 998 1582 1072 1631; x_wconf 89' lang='lat' dir='ltr'><strong>animi</strong></span> <span class='ocrx_word' id='word_1_494' title='bbox 1082 1582 1199 1632; x_wconf 85' lang='lat' dir='ltr'><strong>sententia</strong></span> <span class='ocrx_word' id='word_1_495' title='bbox 1208 1616 1215 1640; x_wconf 92' lang='lat'><strong>,</strong></span> <span class='ocrx_word' id='word_1_496' title='bbox 1224 1582 1265 1631; x_wconf 85' lang='lat' dir='ltr'><strong>illa</strong></span> <span class='ocrx_word' id='word_1_497' title='bbox 1278 1585 1335 1631; x_wconf 90' lang='lat' dir='ltr'><strong>aunt</strong></span> <span class='ocrx_word' id='word_1_498' title='bbox 1347 1581 1625 1632; x_wconf 73' lang='lat' dir='ltr'><strong>mdunaeadscribenda.</strong></span> <span class='ocrx_word' id='word_1_499' title='bbox 1659 1586 1702 1632; x_wconf 80' lang='lat' dir='ltr'><strong>lt-</strong></span> 
     </span>
     <span class='ocr_line' id='line_1_64' title="bbox 914 1669 1735 1735; baseline 0.005 -18"><span class='ocrx_word' id='word_1_500' title='bbox 914 1670 955 1732; x_wconf 84' lang='lat' dir='ltr'><strong>qui</strong></span> <span class='ocrx_word' id='word_1_501' title='bbox 972 1674 997 1719; x_wconf 91' lang='lat' dir='ltr'><strong>et</strong></span> <span class='ocrx_word' id='word_1_502' title='bbox 1007 1683 1085 1730; x_wconf 88' lang='lat' dir='ltr'><strong>nuuc,</strong></span> <span class='ocrx_word' id='word_1_503' title='bbox 1102 1670 1121 1719; x_wconf 86' lang='lat' dir='ltr'><strong>ai</strong></span> <span class='ocrx_word' id='word_1_504' title='bbox 1134 1670 1216 1731; x_wconf 79' lang='lat' dir='ltr'><strong>iubes,</strong></span> <span class='ocrx_word' id='word_1_505' title='bbox 1228 1670 1253 1719; x_wconf 91' lang='lat' dir='ltr'><strong>ln</strong></span> <span class='ocrx_word' id='word_1_506' title='bbox 1272 1669 1431 1732; x_wconf 77' lang='lat' dir='ltr'><strong>excogitando</strong></span> <span class='ocrx_word' id='word_1_507' title='bbox 1446 1670 1565 1721; x_wconf 76' lang='lat' dir='ltr'><strong>lavamine</strong></span> <span class='ocrx_word' id='word_1_508' title='bbox 1580 1671 1703 1735; x_wconf 58' lang='lat' dir='ltr'><strong>mmeritis</strong></span> <span class='ocrx_word' id='word_1_509' title='bbox 1728 1670 1735 1685; x_wconf 88' lang='grc'><strong>’</strong></span> 
     </span>
     <span class='ocr_line' id='line_1_65' title="bbox 915 1757 1703 1821; baseline 0.001 -14"><span class='ocrx_word' id='word_1_510' title='bbox 915 1759 1042 1818; x_wconf 86' lang='lat' dir='ltr'><strong>rnoeroris,</strong></span> <span class='ocrx_word' id='word_1_511' title='bbox 1061 1757 1168 1808; x_wconf 84' lang='lat' dir='ltr'><strong>stadium</strong></span> <span class='ocrx_word' id='word_1_512' title='bbox 1182 1770 1265 1808; x_wconf 90' lang='lat' dir='ltr'><strong>meum</strong></span> <span class='ocrx_word' id='word_1_513' title='bbox 1279 1757 1323 1807; x_wconf 89' lang='lat' dir='ltr'><strong>tibi</strong></span> <span class='ocrx_word' id='word_1_514' title='bbox 1339 1772 1388 1808; x_wconf 91' lang='lat' dir='ltr'><strong>non</strong></span> <span class='ocrx_word' id='word_1_515' title='bbox 1403 1758 1487 1808; x_wconf 76' lang='lat' dir='ltr'><strong>deest.</strong></span> <span class='ocrx_word' id='word_1_516' title='bbox 1519 1759 1589 1818; x_wconf 80' lang='lat' dir='ltr'><strong>Quod</strong></span> <span class='ocrx_word' id='word_1_517' title='bbox 1608 1764 1703 1821; x_wconf 76' lang='lat' dir='ltr'><strong>ersten,</strong></span> 
     </span>
     <span class='ocr_line' id='line_1_66' title="bbox 914 1845 1704 1909; baseline 0 -14"><span class='ocrx_word' id='word_1_518' title='bbox 914 1859 968 1895; x_wconf 86' lang='lat' dir='ltr'><strong>men</strong></span> <span class='ocrx_word' id='word_1_519' title='bbox 979 1849 1020 1906; x_wconf 90' lang='lat' dir='ltr'><strong>tu,</strong></span> <span class='ocrx_word' id='word_1_520' title='bbox 1035 1847 1113 1908; x_wconf 81' lang='lat' dir='ltr'><strong>inquit</strong></span> <span class='ocrx_word' id='word_1_521' title='bbox 1126 1846 1181 1905; x_wconf 85' lang='lat' dir='ltr'><strong>ilia,</strong></span> <span class='ocrx_word' id='word_1_522' title='bbox 1192 1845 1290 1908; x_wconf 85' lang='lat' dir='ltr'><strong>reperiri</strong></span> <span class='ocrx_word' id='word_1_523' title='bbox 1300 1846 1382 1907; x_wconf 88' lang='lat' dir='ltr'><strong>possit,</strong></span> <span class='ocrx_word' id='word_1_524' title='bbox 1400 1857 1457 1894; x_wconf 87' lang='lat' dir='ltr'><strong>cum</strong></span> <span class='ocrx_word' id='word_1_525' title='bbox 1469 1847 1489 1894; x_wconf 87' lang='lat' dir='ltr'><strong>is</strong></span> <span class='ocrx_word' id='word_1_526' title='bbox 1499 1848 1540 1909; x_wconf 76' lang='lat' dir='ltr'><strong>quai</strong></span> <span class='ocrx_word' id='word_1_527' title='bbox 1556 1847 1608 1896; x_wconf 84' lang='lat' dir='ltr'><strong>baec</strong></span> <span class='ocrx_word' id='word_1_528' title='bbox 1624 1848 1704 1897; x_wconf 82' lang='lat' dir='ltr'><strong>levare</strong></span> 
     </span>
     <span class='ocr_line' id='line_1_67' title="bbox 915 1932 1704 1996; baseline 0.001 -14"><span class='ocrx_word' id='word_1_529' title='bbox 915 1934 1031 1996; x_wconf 87' lang='lat' dir='ltr'><strong>potuisset</strong></span> <span class='ocrx_word' id='word_1_530' title='bbox 1049 1946 1135 1995; x_wconf 75' lang='lat' dir='ltr'><strong>magno</strong></span> <span class='ocrx_word' id='word_1_531' title='bbox 1150 1933 1259 1983; x_wconf 91' lang='lat' dir='ltr'><strong>locorum</strong></span> <span class='ocrx_word' id='word_1_532' title='bbox 1279 1932 1429 1982; x_wconf 80' lang='lat' dir='ltr'><strong>interranea</strong></span> <span class='ocrx_word' id='word_1_533' title='bbox 1443 1933 1512 1983; x_wconf 85' lang='lat' dir='ltr'><strong>nobis</strong></span> <span class='ocrx_word' id='word_1_534' title='bbox 1524 1934 1659 1996; x_wconf 82' lang='lat' dir='ltr'><strong>disjunctus</strong></span> <span class='ocrx_word' id='word_1_535' title='bbox 1673 1936 1704 1984; x_wconf 84' lang='lat' dir='ltr'><strong>sit</strong></span> 
     </span>
     <span class='ocr_line' id='line_1_68' title="bbox 915 2020 1703 2084; baseline 0 -15"><span class='ocrx_word' id='word_1_536' title='bbox 915 2026 939 2069; x_wconf 83' lang='lat' dir='ltr'><strong>et</strong></span> <span class='ocrx_word' id='word_1_537' title='bbox 957 2034 997 2070; x_wconf 89' lang='lat' dir='ltr'><strong>ma</strong></span> <span class='ocrx_word' id='word_1_538' title='bbox 1009 2034 1094 2070; x_wconf 83' lang='lat' dir='ltr'><strong>eorum</strong></span> <span class='ocrx_word' id='word_1_539' title='bbox 1111 2021 1154 2082; x_wconf 83' lang='lat' dir='ltr'><strong>qui</strong></span> <span class='ocrx_word' id='word_1_540' title='bbox 1165 2020 1306 2082; x_wconf 73' lang='lat' dir='ltr'><strong>indicabant</strong></span> <span class='ocrx_word' id='word_1_541' title='bbox 1323 2020 1443 2083; x_wconf 65' lang='lat' dir='ltr'><strong>imperata</strong></span> <span class='ocrx_word' id='word_1_542' title='bbox 1457 2021 1542 2071; x_wconf 77' lang='lat' dir='ltr'><strong>lenitam</strong></span> <span class='ocrx_word' id='word_1_543' title='bbox 1556 2024 1703 2084; x_wconf 51' lang='lat' dir='ltr'><strong>¹percurrerit?</strong></span> 
     </span>
     <span class='ocr_line' id='line_1_69' title="bbox 915 2106 1704 2170; baseline 0.004 -14"><span class='ocrx_word' id='word_1_544' title='bbox 915 2108 938 2156; x_wconf 90' lang='lat' dir='ltr'><strong>Si</strong></span> <span class='ocrx_word' id='word_1_545' title='bbox 951 2109 1016 2157; x_wconf 90' lang='lat' dir='ltr'><strong>euim</strong></span> <span class='ocrx_word' id='word_1_546' title='bbox 1030 2106 1149 2170; x_wconf 74' lang='lat' dir='ltr'><strong>lapidibus</strong></span> <span class='ocrx_word' id='word_1_547' title='bbox 1160 2107 1278 2167; x_wconf 88' lang='lat' dir='ltr'><strong>obrutus,</strong></span> <span class='ocrx_word' id='word_1_548' title='bbox 1292 2106 1313 2156; x_wconf 89' lang='lat' dir='ltr'><strong>ai</strong></span> <span class='ocrx_word' id='word_1_549' title='bbox 1325 2106 1464 2159; x_wconf 84' lang='lat' dir='ltr'><strong>interiectus</strong></span> <span class='ocrx_word' id='word_1_550' title='bbox 1476 2108 1557 2159; x_wconf 83' lang='lat' dir='ltr'><strong>irrisset</strong></span> <span class='ocrx_word' id='word_1_551' title='bbox 1566 2112 1665 2159; x_wconf 86' lang='lat' dir='ltr'><strong>omnino</strong></span> <span class='ocrx_word' id='word_1_552' title='bbox 1680 2114 1704 2160; x_wconf 90' lang='lat' dir='ltr'><strong>ei</strong></span> 
     </span>
     <span class='ocr_line' id='line_1_70' title="bbox 915 2195 1703 2258; baseline 0.004 -15"><span class='ocrx_word' id='word_1_553' title='bbox 915 2195 939 2245; x_wconf 96' lang='lat' dir='ltr'><strong>iu</strong></span> <span class='ocrx_word' id='word_1_554' title='bbox 953 2209 991 2245; x_wconf 87' lang='lat' dir='ltr'><strong>me</strong></span> <span class='ocrx_word' id='word_1_555' title='bbox 1003 2209 1050 2244; x_wconf 91' lang='lat' dir='ltr'><strong>una</strong></span> <span class='ocrx_word' id='word_1_556' title='bbox 1066 2198 1182 2245; x_wconf 78' lang='lat' dir='ltr'><strong>exstincta</strong></span> <span class='ocrx_word' id='word_1_557' title='bbox 1195 2196 1294 2245; x_wconf 79' lang='lat' dir='ltr'><strong>inissent</strong></span> <span class='ocrx_word' id='word_1_558' title='bbox 1306 2199 1331 2246; x_wconf 87' lang='lat' dir='ltr'><strong>et</strong></span> <span class='ocrx_word' id='word_1_559' title='bbox 1341 2200 1436 2246; x_wconf 84' lang='lat' dir='ltr'><strong>mortua</strong></span> <span class='ocrx_word' id='word_1_560' title='bbox 1449 2197 1501 2245; x_wconf 73' lang='lat' dir='ltr'><strong>tinec</strong></span> <span class='ocrx_word' id='word_1_561' title='bbox 1512 2196 1651 2258; x_wconf 87' lang='lat' dir='ltr'><strong>cupiditatis</strong></span> <span class='ocrx_word' id='word_1_562' title='bbox 1665 2199 1703 2246; x_wconf 90' lang='lat' dir='ltr'><strong>in-</strong></span> 
     </span>
     <span class='ocr_line' id='line_1_71' title="bbox 915 2284 1703 2346; baseline 0.001 -14"><span class='ocrx_word' id='word_1_563' title='bbox 915 2284 1005 2333; x_wconf 86' lang='lat' dir='ltr'><strong>cendia.</strong></span> <span class='ocrx_word' id='word_1_564' title='bbox 1038 2284 1116 2345; x_wconf 84' lang='lat' dir='ltr'><strong>Cujus</strong></span> <span class='ocrx_word' id='word_1_565' title='bbox 1136 2284 1199 2332; x_wconf 81' lang='grc' dir='ltr'>εοίιιι</span> <span class='ocrx_word' id='word_1_566' title='bbox 1216 2296 1270 2346; x_wconf 88' lang='lat' dir='ltr'><strong>spes</strong></span> <span class='ocrx_word' id='word_1_567' title='bbox 1287 2284 1381 2344; x_wconf 82' lang='lat' dir='ltr'><strong>abjecta</strong></span> <span class='ocrx_word' id='word_1_568' title='bbox 1406 2284 1479 2333; x_wconf 86' lang='lat' dir='ltr'><strong>semei</strong></span> <span class='ocrx_word' id='word_1_569' title='bbox 1494 2286 1544 2341; x_wconf 83' lang='lat' dir='ltr'><strong>esi,</strong></span> <span class='ocrx_word' id='word_1_570' title='bbox 1562 2286 1655 2334; x_wconf 86' lang='lat' dir='ltr'><strong>totlitur</strong></span> <span class='ocrx_word' id='word_1_571' title='bbox 1672 2300 1703 2334; x_wconf 84' lang='lat' dir='ltr'><strong>ex</strong></span> 
     </span>
     <span class='ocr_line' id='line_1_72' title="bbox 914 2369 1705 2432; baseline 0 -12"><span class='ocrx_word' id='word_1_572' title='bbox 914 2373 995 2420; x_wconf 89' lang='lat' dir='ltr'><strong>animo</strong></span> <span class='ocrx_word' id='word_1_573' title='bbox 1014 2373 1039 2421; x_wconf 89' lang='lat' dir='ltr'><strong>et</strong></span> <span class='ocrx_word' id='word_1_574' title='bbox 1059 2371 1124 2432; x_wconf 76' lang='lat' dir='ltr'><strong>quod</strong></span> <span class='ocrx_word' id='word_1_575' title='bbox 1141 2383 1190 2418; x_wconf 92' lang='lat' dir='ltr'><strong>uon</strong></span> <span class='ocrx_word' id='word_1_576' title='bbox 1211 2369 1315 2432; x_wconf 88' lang='lat' dir='ltr'><strong>amplius</strong></span> <span class='ocrx_word' id='word_1_577' title='bbox 1336 2371 1497 2432; x_wconf 80' lang='lat' dir='ltr'><strong>exspectatur,</strong></span> <span class='ocrx_word' id='word_1_578' title='bbox 1518 2370 1601 2429; x_wconf 79' lang='lat' dir='ltr'><strong>elficit,</strong></span> <span class='ocrx_word' id='word_1_579' title='bbox 1622 2378 1650 2419; x_wconf 90' lang='lat' dir='ltr'><strong>ut</strong></span> <span class='ocrx_word' id='word_1_580' title='bbox 1671 2376 1705 2431; x_wconf 37' lang='lat' dir='ltr'><strong>nd,</strong></span> 
     </span>
     <span class='ocr_line' id='line_1_73' title="bbox 914 2455 1701 2518; baseline -0.001 -13"><span class='ocrx_word' id='word_1_581' title='bbox 914 2469 1012 2507; x_wconf 78' lang='lat' dir='ltr'><strong>ominem</strong></span> <span class='ocrx_word' id='word_1_582' title='bbox 1023 2470 1121 2507; x_wconf 89' lang='lat' dir='ltr'><strong>sensum</strong></span> <span class='ocrx_word' id='word_1_583' title='bbox 1130 2455 1220 2505; x_wconf 85' lang='lat' dir='ltr'><strong>doloris</strong></span> <span class='ocrx_word' id='word_1_584' title='bbox 1231 2457 1288 2518; x_wconf 76' lang='lat' dir='ltr'><strong>egri</strong></span> <span class='ocrx_word' id='word_1_585' title='bbox 1303 2455 1375 2504; x_wconf 87' lang='lat' dir='ltr'><strong>animi</strong></span> <span class='ocrx_word' id='word_1_586' title='bbox 1385 2456 1553 2505; x_wconf 81' lang='lat' dir='ltr'><strong>occallescant.</strong></span> <span class='ocrx_word' id='word_1_587' title='bbox 1585 2459 1654 2506; x_wconf 81' lang='lat' dir='ltr'><strong>Nunc</strong></span> <span class='ocrx_word' id='word_1_588' title='bbox 1664 2457 1701 2504; x_wconf 84' lang='lat' dir='ltr'><strong>vi-</strong></span> 
     </span>
     <span class='ocr_line' id='line_1_74' title="bbox 914 2541 1701 2604; baseline -0.001 -11"><span class='ocrx_word' id='word_1_589' title='bbox 914 2545 971 2593; x_wconf 86' lang='lat' dir='ltr'><strong>dere</strong></span> <span class='ocrx_word' id='word_1_590' title='bbox 985 2557 1024 2593; x_wconf 89' lang='lat' dir='ltr'><strong>me</strong></span> <span class='ocrx_word' id='word_1_591' title='bbox 1038 2545 1106 2593; x_wconf 86' lang='lat' dir='ltr'><strong>iilum</strong></span> <span class='ocrx_word' id='word_1_592' title='bbox 1116 2542 1209 2601; x_wconf 78' lang='lat' dir='ltr'><strong>videor,</strong></span> <span class='ocrx_word' id='word_1_593' title='bbox 1221 2555 1262 2604; x_wconf 90' lang='lat' dir='ltr'><strong>per</strong></span> <span class='ocrx_word' id='word_1_594' title='bbox 1276 2554 1381 2591; x_wconf 83' lang='lat' dir='ltr'><strong>errorem</strong></span> <span class='ocrx_word' id='word_1_595' title='bbox 1394 2543 1535 2604; x_wconf 78' lang='grc' dir='ltr'>ρτωιειιῑειιι</span> <span class='ocrx_word' id='word_1_596' title='bbox 1544 2541 1627 2591; x_wconf 74' lang='grc' dir='ltr'>καθίει</span> <span class='ocrx_word' id='word_1_597' title='bbox 1636 2543 1701 2592; x_wconf 88' lang='lat' dir='ltr'><strong>arbi·</strong></span> 
     </span>
     <span class='ocr_line' id='line_1_75' title="bbox 913 2627 1700 2692; baseline -0.003 -11"><span class='ocrx_word' id='word_1_598' title='bbox 913 2634 974 2692; x_wconf 78' lang='lat' dir='ltr'><strong>troc,</strong></span> <span class='ocrx_word' id='word_1_599' title='bbox 984 2631 1085 2692; x_wconf 80' lang='lat' dir='ltr'><strong>iniustas</strong></span> <span class='ocrx_word' id='word_1_600' title='bbox 1099 2630 1195 2679; x_wconf 87' lang='lat' dir='ltr'><strong>iusidias</strong></span> <span class='ocrx_word' id='word_1_601' title='bbox 1204 2629 1262 2678; x_wconf 86' lang='lat' dir='ltr'><strong>mibi</strong></span> <span class='ocrx_word' id='word_1_602' title='bbox 1275 2628 1461 2691; x_wconf 76' lang='lat' dir='ltr'><strong>exprobrantem</strong></span> <span class='ocrx_word' id='word_1_603' title='bbox 1475 2627 1565 2689; x_wconf 82' lang='lat' dir='ltr'><strong>ailoqui</strong></span> <span class='ocrx_word' id='word_1_604' title='bbox 1575 2628 1700 2679; x_wconf 79' lang='lat' dir='ltr'><strong>erubesco.</strong></span> 
     </span>
     <span class='ocr_line' id='line_1_76' title="bbox 915 2715 1703 2768; baseline -0.003 0"><span class='ocrx_word' id='word_1_605' title='bbox 915 2718 1038 2768; x_wconf 88' lang='lat' dir='ltr'><strong>lnierdum</strong></span> <span class='ocrx_word' id='word_1_606' title='bbox 1051 2730 1109 2767; x_wconf 80' lang='lat' dir='ltr'><strong>vero</strong></span> <span class='ocrx_word' id='word_1_607' title='bbox 1119 2721 1145 2768; x_wconf 90' lang='lat' dir='ltr'><strong>et</strong></span> <span class='ocrx_word' id='word_1_608' title='bbox 1155 2716 1300 2766; x_wconf 86' lang='lat' dir='ltr'><strong>adveniente</strong></span> <span class='ocrx_word' id='word_1_609' title='bbox 1309 2716 1438 2764; x_wconf 80' lang='lat' dir='ltr'><strong>fruituram</strong></span> <span class='ocrx_word' id='word_1_610' title='bbox 1448 2726 1498 2764; x_wconf 80' lang='lat' dir='ltr'><strong>esse</strong></span> <span class='ocrx_word' id='word_1_611' title='bbox 1508 2727 1546 2763; x_wconf 86' lang='lat' dir='ltr'><strong>me</strong></span> <span class='ocrx_word' id='word_1_612' title='bbox 1555 2715 1668 2766; x_wconf 78' lang='lat' dir='ltr'><strong>existimo</strong></span> <span class='ocrx_word' id='word_1_613' title='bbox 1677 2721 1703 2766; x_wconf 80' lang='lat' dir='ltr'><strong>rt</strong></span> 
     </span>
     <span class='ocr_line' id='line_1_77' title="bbox 914 2802 1700 2867; baseline -0.004 -12"><span class='ocrx_word' id='word_1_614' title='bbox 914 2818 1088 2867; x_wconf 86' lang='lat' dir='ltr'><strong>nonnunquam</strong></span> <span class='ocrx_word' id='word_1_615' title='bbox 1097 2806 1146 2867; x_wconf 82' lang='lat' dir='ltr'><strong>ipsa</strong></span> <span class='ocrx_word' id='word_1_616' title='bbox 1155 2803 1184 2852; x_wconf 91' lang='lat' dir='ltr'><strong>ad</strong></span> <span class='ocrx_word' id='word_1_617' title='bbox 1196 2804 1278 2861; x_wconf 84' lang='lat' dir='ltr'><strong>ilium.</strong></span> <span class='ocrx_word' id='word_1_618' title='bbox 1287 2803 1329 2852; x_wconf 89' lang='lat' dir='ltr'><strong>ubi</strong></span> <span class='ocrx_word' id='word_1_619' title='bbox 1338 2802 1377 2851; x_wconf 93' lang='lat' dir='ltr'><strong>ubi</strong></span> <span class='ocrx_word' id='word_1_620' title='bbox 1388 2804 1508 2851; x_wconf 84' lang='lat' dir='ltr'><strong>terrarum</strong></span> <span class='ocrx_word' id='word_1_621' title='bbox 1516 2802 1603 2863; x_wconf 86' lang='lat' dir='ltr'><strong>sit,trc</strong></span> <span class='ocrx_word' id='word_1_622' title='bbox 1611 2806 1700 2853; x_wconf 78' lang='lat' dir='ltr'><strong>statuo</strong></span> 
     </span>
     <span class='ocr_line' id='line_1_78' title="bbox 915 2889 1701 2953; baseline -0.005 -11"><span class='ocrx_word' id='word_1_623' title='bbox 915 2897 973 2944; x_wconf 77' lang='lat' dir='ltr'><strong>linc</strong></span> <span class='ocrx_word' id='word_1_624' title='bbox 984 2906 1024 2942; x_wconf 90' lang='lat' dir='ltr'><strong>me</strong></span> <span class='ocrx_word' id='word_1_625' title='bbox 1033 2892 1197 2951; x_wconf 85' lang='lat' dir='ltr'><strong>intlummant,</strong></span> <span class='ocrx_word' id='word_1_626' title='bbox 1208 2892 1261 2939; x_wconf 82' lang='lat' dir='ltr'><strong>inec</strong></span> <span class='ocrx_word' id='word_1_627' title='bbox 1271 2890 1301 2939; x_wconf 89' lang='lat' dir='ltr'><strong>ad</strong></span> <span class='ocrx_word' id='word_1_628' title='bbox 1316 2891 1419 2939; x_wconf 81' lang='lat' dir='ltr'><strong>innurem</strong></span> <span class='ocrx_word' id='word_1_629' title='bbox 1429 2889 1535 2950; x_wconf 73' lang='lat' dir='ltr'><strong>adigunt.</strong></span> <span class='ocrx_word' id='word_1_630' title='bbox 1568 2892 1701 2953; x_wconf 79' lang='lat' dir='ltr'><strong>luuaqoi·</strong></span> 
     </span>
     <span class='ocr_line' id='line_1_79' title="bbox 914 2978 1702 3042; baseline -0.005 -12"><span class='ocrx_word' id='word_1_631' title='bbox 914 2981 985 3041; x_wconf 86' lang='lat' dir='ltr'><strong>deru,</strong></span> <span class='ocrx_word' id='word_1_632' title='bbox 1000 2994 1016 3028; x_wconf 93' lang='lat' dir='ltr'><strong>o</strong></span> <span class='ocrx_word' id='word_1_633' title='bbox 1029 2979 1076 3039; x_wconf 90' lang='lat' dir='ltr'><strong>dii,</strong></span> <span class='ocrx_word' id='word_1_634' title='bbox 1086 2979 1180 3042; x_wconf 87' lang='lat' dir='ltr'><strong>patior:</strong></span> <span class='ocrx_word' id='word_1_635' title='bbox 1192 2990 1237 3027; x_wconf 86' lang='lat' dir='ltr'><strong>eur</strong></span> <span class='ocrx_word' id='word_1_636' title='bbox 1248 2978 1312 3027; x_wconf 78' lang='lat' dir='ltr'><strong>enisu</strong></span> <span class='ocrx_word' id='word_1_637' title='bbox 1323 2978 1392 3027; x_wconf 85' lang='lat' dir='ltr'><strong>ilium</strong></span> <span class='ocrx_word' id='word_1_638' title='bbox 1403 2990 1452 3027; x_wconf 89' lang='lat' dir='ltr'><strong>non</strong></span> <span class='ocrx_word' id='word_1_639' title='bbox 1462 2978 1628 3027; x_wconf 81' lang='lat' dir='ltr'><strong>benevolentia</strong></span> <span class='ocrx_word' id='word_1_640' title='bbox 1640 2992 1702 3027; x_wconf 89' lang='lat' dir='ltr'><strong>corn-</strong></span> 
     </span>
     <span class='ocr_line' id='line_1_80' title="bbox 914 3065 1701 3130; baseline -0.004 -13"><span class='ocrx_word' id='word_1_641' title='bbox 914 3067 1043 3130; x_wconf 87' lang='lat' dir='ltr'><strong>plectebar,</strong></span> <span class='ocrx_word' id='word_1_642' title='bbox 1056 3066 1098 3116; x_wconf 92' lang='lat' dir='ltr'><strong>sad</strong></span> <span class='ocrx_word' id='word_1_643' title='bbox 1116 3065 1207 3115; x_wconf 86' lang='lat' dir='ltr'><strong>insidiis</strong></span> <span class='ocrx_word' id='word_1_644' title='bbox 1225 3066 1351 3129; x_wconf 75' lang='lat' dir='ltr'><strong>petebam?</strong></span> <span class='ocrx_word' id='word_1_645' title='bbox 1369 3078 1414 3114; x_wconf 88' lang='lat' dir='ltr'><strong>cur</strong></span> <span class='ocrx_word' id='word_1_646' title='bbox 1435 3078 1483 3115; x_wconf 91' lang='lat' dir='ltr'><strong>non</strong></span> <span class='ocrx_word' id='word_1_647' title='bbox 1498 3066 1598 3128; x_wconf 73' lang='lat' dir='ltr'><strong>coppim</strong></span> <span class='ocrx_word' id='word_1_648' title='bbox 1613 3066 1645 3116; x_wconf 90' lang='lat' dir='ltr'><strong>iui</strong></span> <span class='ocrx_word' id='word_1_649' title='bbox 1660 3068 1701 3115; x_wconf 81' lang='lat' dir='ltr'><strong>sert</strong></span> 
     </span>
     <span class='ocr_line' id='line_1_81' title="bbox 914 3140 1726 3217; baseline -0.005 -12"><span class='ocrx_word' id='word_1_650' title='bbox 914 3140 1032 3206; x_wconf 75' lang='lat' dir='ltr'><strong>inutiliter</strong></span> <span class='ocrx_word' id='word_1_651' title='bbox 1048 3167 1103 3205; x_wconf 87' lang='grc' dir='ltr'>ιιιιιι</span> <span class='ocrx_word' id='word_1_652' title='bbox 1121 3157 1264 3217; x_wconf 72' lang='grc' dir='ltr'>ροιοοοιιιιε</span> <span class='ocrx_word' id='word_1_653' title='bbox 1279 3157 1331 3204; x_wconf 74' lang='lat' dir='ltr'><strong>Non</strong></span> <span class='ocrx_word' id='word_1_654' title='bbox 1344 3152 1442 3203; x_wconf 66' lang='lat' dir='ltr'><strong>admisi</strong></span> <span class='ocrx_word' id='word_1_655' title='bbox 1455 3153 1561 3215; x_wconf 85' lang='lat' dir='ltr'><strong>primum</strong></span> <span class='ocrx_word' id='word_1_656' title='bbox 1576 3155 1601 3202; x_wconf 87' lang='lat' dir='ltr'><strong>et</strong></span> <span class='ocrx_word' id='word_1_657' title='bbox 1616 3154 1702 3203; x_wconf 87' lang='lat' dir='ltr'><strong>merito</strong></span> <span class='ocrx_word' id='word_1_658' title='bbox 1722 3158 1726 3167; x_wconf 91' lang='grc'><strong><em>·</em></strong></span> 
     </span>
     <span class='ocr_line' id='line_1_82' title="bbox 914 3239 1702 3307; baseline -0.001 -16"><span class='ocrx_word' id='word_1_659' title='bbox 914 3244 1022 3307; x_wconf 86' lang='lat' dir='ltr'><strong>qrridem,</strong></span> <span class='ocrx_word' id='word_1_660' title='bbox 1035 3243 1184 3293; x_wconf 85' lang='lat' dir='ltr'><strong>utallenam.</strong></span> <span class='ocrx_word' id='word_1_661' title='bbox 1217 3241 1302 3293; x_wconf 80' lang='lat' dir='ltr'><strong>cubile</strong></span> <span class='ocrx_word' id='word_1_662' title='bbox 1315 3244 1442 3304; x_wconf 88' lang='lat' dir='ltr'><strong>paternum</strong></span> <span class='ocrx_word' id='word_1_663' title='bbox 1450 3239 1611 3291; x_wconf 79' lang='lat' dir='ltr'><strong>reverebatur.</strong></span> <span class='ocrx_word' id='word_1_664' title='bbox 1644 3243 1702 3291; x_wconf 86' lang='lat' dir='ltr'><strong>For·</strong></span> 
     </span>
     <span class='ocr_line' id='line_1_83' title="bbox 913 3329 1701 3392; baseline -0.003 -11"><span class='ocrx_word' id='word_1_665' title='bbox 913 3333 983 3382; x_wconf 82' lang='lat' dir='ltr'><strong>tnesis</strong></span> <span class='ocrx_word' id='word_1_666' title='bbox 998 3331 1118 3381; x_wconf 84' lang='lat' dir='ltr'><strong>adductus</strong></span> <span class='ocrx_word' id='word_1_667' title='bbox 1130 3330 1227 3392; x_wconf 87' lang='lat' dir='ltr'><strong>luisset,</strong></span> <span class='ocrx_word' id='word_1_668' title='bbox 1241 3342 1297 3379; x_wconf 84' lang='grc' dir='ltr'>οιιια</span> <span class='ocrx_word' id='word_1_669' title='bbox 1312 3333 1421 3391; x_wconf 88' lang='lat' dir='ltr'><strong>tempore</strong></span> <span class='ocrx_word' id='word_1_670' title='bbox 1435 3329 1489 3378; x_wconf 88' lang='lat' dir='ltr'><strong>tum</strong></span> <span class='ocrx_word' id='word_1_671' title='bbox 1509 3329 1701 3392; x_wconf 72' lang='lat' dir='ltr'><strong>pmsoauouibus</strong></span> 
     </span>
     <span class='ocr_line' id='line_1_84' title="bbox 916 3416 1700 3493; baseline -0.003 -24"><span class='ocrx_word' id='word_1_672' title='bbox 916 3421 940 3470; x_wconf 89' lang='lat' dir='ltr'><strong>in</strong></span> <span class='ocrx_word' id='word_1_673' title='bbox 952 3421 1067 3471; x_wconf 85' lang='lat' dir='ltr'><strong>leuiorem</strong></span> <span class='ocrx_word' id='word_1_674' title='bbox 1078 3419 1221 3468; x_wconf 83' lang='lat' dir='ltr'><strong>sententiam</strong></span> <span class='ocrx_word' id='word_1_675' title='bbox 1234 3417 1367 3493; x_wconf 80' lang='lat' dir='ltr'><strong>traductus.</strong></span> <span class='ocrx_word' id='word_1_676' title='bbox 1400 3416 1447 3467; x_wconf 84' lang='lat' dir='ltr'><strong>Sed</strong></span> <span class='ocrx_word' id='word_1_677' title='bbox 1458 3429 1503 3477; x_wconf 75' lang='lat' dir='ltr'><strong>ego</strong></span> <span class='ocrx_word' id='word_1_678' title='bbox 1517 3418 1566 3466; x_wconf 88' lang='lat' dir='ltr'><strong>iera</strong></span> <span class='ocrx_word' id='word_1_679' title='bbox 1577 3420 1602 3466; x_wconf 92' lang='lat' dir='ltr'><strong>et</strong></span> <span class='ocrx_word' id='word_1_680' title='bbox 1613 3420 1700 3467; x_wconf 88' lang='lat' dir='ltr'><strong>imma·</strong></span> 
     </span>
     <span class='ocr_line' id='line_1_85' title="bbox 914 3504 1701 3568; baseline -0.001 -12"><span class='ocrx_word' id='word_1_681' title='bbox 914 3508 964 3568; x_wconf 87' lang='lat' dir='ltr'><strong>uis,</strong></span> <span class='ocrx_word' id='word_1_682' title='bbox 984 3507 1052 3568; x_wconf 83' lang='lat' dir='ltr'><strong>quasi</strong></span> <span class='ocrx_word' id='word_1_683' title='bbox 1072 3518 1121 3555; x_wconf 90' lang='lat' dir='ltr'><strong>uon</strong></span> <span class='ocrx_word' id='word_1_684' title='bbox 1141 3518 1247 3555; x_wconf 87' lang='lat' dir='ltr'><strong>amarem</strong></span> <span class='ocrx_word' id='word_1_685' title='bbox 1266 3504 1419 3568; x_wconf 77' lang='lat' dir='ltr'><strong>quempiam,</strong></span> <span class='ocrx_word' id='word_1_686' title='bbox 1434 3504 1476 3555; x_wconf 85' lang='lat' dir='ltr'><strong>aad</strong></span> <span class='ocrx_word' id='word_1_687' title='bbox 1497 3505 1530 3554; x_wconf 90' lang='lat' dir='ltr'><strong>illi</strong></span> <span class='ocrx_word' id='word_1_688' title='bbox 1545 3508 1701 3568; x_wconf 82' lang='lat' dir='ltr'><strong>imperarem,</strong></span> 
     </span>
     <span class='ocr_line' id='line_1_86' title="bbox 914 3592 1702 3655; baseline -0.004 -10"><span class='ocrx_word' id='word_1_689' title='bbox 914 3595 1012 3645; x_wconf 86' lang='lat' dir='ltr'><strong>crudete</strong></span> <span class='ocrx_word' id='word_1_690' title='bbox 1029 3594 1135 3653; x_wconf 82' lang='lat' dir='ltr'><strong>lacinus,</strong></span> <span class='ocrx_word' id='word_1_691' title='bbox 1150 3593 1214 3655; x_wconf 84' lang='lat' dir='ltr'><strong>quod</strong></span> <span class='ocrx_word' id='word_1_692' title='bbox 1229 3592 1329 3655; x_wconf 86' lang='lat' dir='ltr'><strong>imperio</strong></span> <span class='ocrx_word' id='word_1_693' title='bbox 1346 3605 1395 3642; x_wconf 90' lang='lat' dir='ltr'><strong>non</strong></span> <span class='ocrx_word' id='word_1_694' title='bbox 1409 3593 1525 3655; x_wconf 85' lang='lat' dir='ltr'><strong>paruisset</strong></span> <span class='ocrx_word' id='word_1_695' title='bbox 1538 3596 1564 3642; x_wconf 88' lang='lat' dir='ltr'><strong>et</strong></span> <span class='ocrx_word' id='word_1_696' title='bbox 1574 3593 1639 3655; x_wconf 82' lang='lat' dir='ltr'><strong>quod</strong></span> <span class='ocrx_word' id='word_1_697' title='bbox 1656 3597 1702 3642; x_wconf 84' lang='lat' dir='ltr'><strong>be·</strong></span> 
     </span>
     <span class='ocr_line' id='line_1_87' title="bbox 915 3680 1701 3743; baseline -0.004 -11"><span class='ocrx_word' id='word_1_698' title='bbox 915 3685 1043 3733; x_wconf 73' lang='lat' dir='ltr'><strong>ninneiam</strong></span> <span class='ocrx_word' id='word_1_699' title='bbox 1053 3682 1235 3741; x_wconf 85' lang='lat' dir='ltr'><strong>contemsisset,</strong></span> <span class='ocrx_word' id='word_1_700' title='bbox 1246 3693 1319 3743; x_wconf 84' lang='lat' dir='ltr'><strong>quam</strong></span> <span class='ocrx_word' id='word_1_701' title='bbox 1330 3681 1400 3743; x_wconf 75' lang='lat' dir='ltr'><strong>longe</strong></span> <span class='ocrx_word' id='word_1_702' title='bbox 1407 3681 1484 3731; x_wconf 85' lang='lat' dir='ltr'><strong>torma</strong></span> <span class='ocrx_word' id='word_1_703' title='bbox 1493 3680 1634 3743; x_wconf 85' lang='lat' dir='ltr'><strong>superabat,</strong></span> <span class='ocrx_word' id='word_1_704' title='bbox 1646 3695 1701 3742; x_wconf 80' lang='lat' dir='ltr'><strong>per·</strong></span> 
     </span>
     <span class='ocr_line' id='line_1_88' title="bbox 914 3768 1700 3833; baseline -0.006 -13"><span class='ocrx_word' id='word_1_705' title='bbox 914 3771 1017 3833; x_wconf 77' lang='lat' dir='ltr'><strong>petraei.</strong></span> <span class='ocrx_word' id='word_1_706' title='bbox 1049 3773 1177 3830; x_wconf 87' lang='lat' dir='ltr'><strong>ceterum,</strong></span> <span class='ocrx_word' id='word_1_707' title='bbox 1190 3784 1207 3819; x_wconf 94' lang='grc' dir='ltr'>ο</span> <span class='ocrx_word' id='word_1_708' title='bbox 1217 3782 1270 3819; x_wconf 86' lang='lat' dir='ltr'><strong>mea</strong></span> <span class='ocrx_word' id='word_1_709' title='bbox 1282 3769 1385 3830; x_wconf 79' lang='lat' dir='ltr'><strong>Tirisbe,</strong></span> <span class='ocrx_word' id='word_1_710' title='bbox 1398 3783 1472 3831; x_wconf 86' lang='lat' dir='ltr'><strong>quam</strong></span> <span class='ocrx_word' id='word_1_711' title='bbox 1486 3769 1630 3819; x_wconf 79' lang='lat' dir='ltr'><strong>levationem</strong></span> <span class='ocrx_word' id='word_1_712' title='bbox 1643 3768 1700 3816; x_wconf 87' lang='lat' dir='ltr'><strong>iaci·</strong></span> 
     </span>
     <span class='ocr_line' id='line_1_89' title="bbox 912 3852 1767 3920; baseline -0.006 -13"><span class='ocrx_word' id='word_1_713' title='bbox 912 3858 961 3908; x_wconf 88' lang='lat' dir='ltr'><strong>iem</strong></span> <span class='ocrx_word' id='word_1_714' title='bbox 982 3859 1128 3909; x_wconf 78' lang='lat' dir='ltr'><strong>nominasti?</strong></span> <span class='ocrx_word' id='word_1_715' title='bbox 1149 3861 1170 3907; x_wconf 90' lang='lat'>0</span> <span class='ocrx_word' id='word_1_716' title='bbox 1189 3857 1300 3917; x_wconf 86' lang='lat' dir='ltr'><strong>domiue,</strong></span> <span class='ocrx_word' id='word_1_717' title='bbox 1323 3857 1415 3920; x_wconf 78' lang='lat' dir='ltr'><strong>inqiut,</strong></span> <span class='ocrx_word' id='word_1_718' title='bbox 1437 3856 1570 3905; x_wconf 82' lang='lat' dir='ltr'><strong>multorom</strong></span> <span class='ocrx_word' id='word_1_719' title='bbox 1589 3855 1702 3916; x_wconf 86' lang='lat' dir='ltr'><strong>opinione</strong></span> <span class='ocrx_word' id='word_1_720' title='bbox 1765 3852 1767 3856; x_wconf 82' lang='grc'><strong>’</strong></span> 
     </span>
     <span class='ocr_line' id='line_1_90' title="bbox 913 3941 1700 4006; baseline -0.006 -12"><span class='ocrx_word' id='word_1_721' title='bbox 913 3948 1020 3995; x_wconf 79' lang='lat' dir='ltr'><strong>crrmnon</strong></span> <span class='ocrx_word' id='word_1_722' title='bbox 1028 3960 1059 3995; x_wconf 86' lang='grc' dir='ltr'><strong>οι</strong></span> <span class='ocrx_word' id='word_1_723' title='bbox 1070 3946 1130 3996; x_wconf 86' lang='lat' dir='ltr'><strong>urbe</strong></span> <span class='ocrx_word' id='word_1_724' title='bbox 1140 3946 1200 3995; x_wconf 92' lang='lat' dir='ltr'><strong>abiit</strong></span> <span class='ocrx_word' id='word_1_725' title='bbox 1208 3949 1234 3995; x_wconf 89' lang='lat' dir='ltr'><strong>et</strong></span> <span class='ocrx_word' id='word_1_726' title='bbox 1244 3946 1324 3995; x_wconf 81' lang='lat' dir='ltr'><strong>attica</strong></span> <span class='ocrx_word' id='word_1_727' title='bbox 1331 3945 1426 4006; x_wconf 76' lang='lat' dir='ltr'><strong>regione</strong></span> <span class='ocrx_word' id='word_1_728' title='bbox 1433 3941 1525 4004; x_wconf 84' lang='lat' dir='ltr'><strong>judicio</strong></span> <span class='ocrx_word' id='word_1_729' title='bbox 1532 3942 1700 4002; x_wconf 81' lang='lat' dir='ltr'><strong>obtemperem</strong></span> 
     </span>
     <span class='ocr_line' id='line_1_91' title="bbox 913 4027 1701 4101; baseline -0.01 -19"><span class='ocrx_word' id='word_1_730' title='bbox 913 4033 1024 4083; x_wconf 80' lang='lat' dir='ltr'><strong>excessit.</strong></span> <span class='ocrx_word' id='word_1_731' title='bbox 1057 4036 1097 4083; x_wconf 82' lang='lat' dir='ltr'><strong>lic</strong></span> <span class='ocrx_word' id='word_1_732' title='bbox 1113 4046 1172 4083; x_wconf 88' lang='lat' dir='ltr'><strong>veru</strong></span> <span class='ocrx_word' id='word_1_733' title='bbox 1185 4046 1234 4082; x_wconf 91' lang='lat' dir='ltr'><strong>nou</strong></span> <span class='ocrx_word' id='word_1_734' title='bbox 1253 4033 1338 4092; x_wconf 82' lang='lat' dir='ltr'><strong>latuit,</strong></span> <span class='ocrx_word' id='word_1_735' title='bbox 1349 4034 1445 4101; x_wconf 76' lang='lat' dir='ltr'><strong>propter</strong></span> <span class='ocrx_word' id='word_1_736' title='bbox 1457 4031 1482 4078; x_wconf 91' lang='lat' dir='ltr'><strong>te</strong></span> <span class='ocrx_word' id='word_1_737' title='bbox 1493 4029 1564 4079; x_wconf 76' lang='lat' dir='ltr'><strong>euriae</strong></span> <span class='ocrx_word' id='word_1_738' title='bbox 1574 4027 1655 4076; x_wconf 83' lang='lat' dir='ltr'><strong>omniu</strong></span> <span class='ocrx_word' id='word_1_739' title='bbox 1666 4029 1701 4075; x_wconf 90' lang='lat' dir='ltr'><strong>in-</strong></span> 
     </span>
     <span class='ocr_line' id='line_1_92' title="bbox 912 4115 1700 4182; baseline -0.005 -14"><span class='ocrx_word' id='word_1_740' title='bbox 912 4121 1057 4182; x_wconf 84' lang='lat' dir='ltr'><strong>quirentem,</strong></span> <span class='ocrx_word' id='word_1_741' title='bbox 1066 4120 1133 4182; x_wconf 84' lang='lat' dir='ltr'><strong>qood</strong></span> <span class='ocrx_word' id='word_1_742' title='bbox 1142 4121 1181 4169; x_wconf 89' lang='lat' dir='ltr'><strong>bie</strong></span> <span class='ocrx_word' id='word_1_743' title='bbox 1189 4119 1294 4182; x_wconf 84' lang='lat' dir='ltr'><strong>quodem</strong></span> <span class='ocrx_word' id='word_1_744' title='bbox 1302 4120 1326 4168; x_wconf 92' lang='lat' dir='ltr'><strong>in</strong></span> <span class='ocrx_word' id='word_1_745' title='bbox 1337 4121 1390 4167; x_wconf 88' lang='lat' dir='ltr'><strong>loco</strong></span> <span class='ocrx_word' id='word_1_746' title='bbox 1399 4119 1455 4165; x_wconf 85' lang='lat' dir='ltr'><strong>ante</strong></span> <span class='ocrx_word' id='word_1_747' title='bbox 1462 4115 1546 4164; x_wconf 84' lang='lat' dir='ltr'><strong>urbam</strong></span> <span class='ocrx_word' id='word_1_748' title='bbox 1556 4115 1700 4164; x_wconf 84' lang='lat' dir='ltr'><strong>occultetur.</strong></span> 
     </span>
     <span class='ocr_line' id='line_1_93' title="bbox 913 4204 1701 4269; baseline -0.01 -11"><span class='ocrx_word' id='word_1_749' title='bbox 913 4212 949 4258; x_wconf 86' lang='lat' dir='ltr'><strong>De</strong></span> <span class='ocrx_word' id='word_1_750' title='bbox 959 4207 1058 4258; x_wconf 75' lang='lat' dir='ltr'><strong>areuna</strong></span> <span class='ocrx_word' id='word_1_751' title='bbox 1067 4208 1165 4257; x_wconf 82' lang='lat' dir='ltr'><strong>tibicina</strong></span> <span class='ocrx_word' id='word_1_752' title='bbox 1173 4207 1260 4256; x_wconf 69' lang='lat' dir='ltr'><strong>nudati</strong></span> <span class='ocrx_word' id='word_1_753' title='bbox 1268 4204 1431 4269; x_wconf 75' lang='lat' dir='ltr'><strong>proculdubio</strong></span> <span class='ocrx_word' id='word_1_754' title='bbox 1440 4219 1446 4252; x_wconf 78' lang='lat' dir='ltr'><strong><em>z</em></strong></span> <span class='ocrx_word' id='word_1_755' title='bbox 1455 4217 1511 4252; x_wconf 89' lang='lat' dir='ltr'><strong>cum</strong></span> <span class='ocrx_word' id='word_1_756' title='bbox 1522 4204 1566 4252; x_wconf 86' lang='lat' dir='ltr'><strong>bac</strong></span> <span class='ocrx_word' id='word_1_757' title='bbox 1574 4215 1701 4251; x_wconf 79' lang='lat' dir='ltr'><strong>consruue</strong></span> 
     </span>
     <span class='ocr_line' id='line_1_94' title="bbox 913 4290 1701 4356; baseline -0.011 -11"><span class='ocrx_word' id='word_1_758' title='bbox 913 4298 957 4345; x_wconf 92' lang='lat' dir='ltr'><strong>rat.</strong></span> <span class='ocrx_word' id='word_1_759' title='bbox 967 4298 1022 4344; x_wconf 81' lang='lat' dir='ltr'><strong>Post</strong></span> <span class='ocrx_word' id='word_1_760' title='bbox 1029 4295 1190 4345; x_wconf 86' lang='lat' dir='ltr'><strong>calamitatem</strong></span> <span class='ocrx_word' id='word_1_761' title='bbox 1199 4294 1284 4355; x_wconf 86' lang='lat' dir='ltr'><strong>recipit</strong></span> <span class='ocrx_word' id='word_1_762' title='bbox 1294 4306 1351 4344; x_wconf 90' lang='lat' dir='ltr'><strong>eum</strong></span> <span class='ocrx_word' id='word_1_763' title='bbox 1359 4292 1437 4356; x_wconf 89' lang='lat' dir='ltr'><strong>puella</strong></span> <span class='ocrx_word' id='word_1_764' title='bbox 1445 4290 1701 4353; x_wconf 84' lang='lat' dir='ltr'><strong>etprunaittensseunu</strong></span> 
     </span>
     <span class='ocr_line' id='line_1_95' title="bbox 912 4376 1700 4445; baseline -0.014 -12"><span class='ocrx_word' id='word_1_765' title='bbox 912 4384 1085 4445; x_wconf 79' lang='lat' dir='ltr'><strong>emigraturum</strong></span> <span class='ocrx_word' id='word_1_766' title='bbox 1097 4396 1148 4433; x_wconf 79' lang='lat' dir='ltr'><strong>esse</strong></span> <span class='ocrx_word' id='word_1_767' title='bbox 1162 4381 1255 4432; x_wconf 86' lang='lat' dir='ltr'><strong>detinet</strong></span> <span class='ocrx_word' id='word_1_768' title='bbox 1267 4381 1334 4431; x_wconf 91' lang='lat' dir='ltr'><strong>domi</strong></span> <span class='ocrx_word' id='word_1_769' title='bbox 1348 4392 1399 4428; x_wconf 84' lang='lat' dir='ltr'><strong>sure</strong></span> <span class='ocrx_word' id='word_1_770' title='bbox 1411 4376 1579 4427; x_wconf 82' lang='lat' dir='ltr'><strong>abscunditum</strong></span> <span class='ocrx_word' id='word_1_771' title='bbox 1593 4376 1700 4437; x_wconf 78' lang='lat' dir='ltr'><strong>tamdiu,</strong></span> 
     </span>
     <span class='ocr_line' id='line_1_96' title="bbox 913 4463 1701 4533; baseline -0.01 -14"><span class='ocrx_word' id='word_1_772' title='bbox 913 4470 993 4533; x_wconf 84' lang='lat' dir='ltr'><strong>quoad</strong></span> <span class='ocrx_word' id='word_1_773' title='bbox 1009 4484 1061 4520; x_wconf 79' lang='lat' dir='ltr'><strong>sese</strong></span> <span class='ocrx_word' id='word_1_774' title='bbox 1074 4470 1106 4520; x_wconf 88' lang='lat' dir='ltr'><strong>ad</strong></span> <span class='ocrx_word' id='word_1_775' title='bbox 1123 4470 1168 4520; x_wconf 90' lang='lat' dir='ltr'><strong>iter</strong></span> <span class='ocrx_word' id='word_1_776' title='bbox 1181 4468 1320 4519; x_wconf 75' lang='lat' dir='ltr'><strong>accinxerit.</strong></span> <span class='ocrx_word' id='word_1_777' title='bbox 1355 4466 1598 4525; x_wconf 75' lang='lat' dir='ltr'><strong>Damaenetaautem,</strong></span> <span class='ocrx_word' id='word_1_778' title='bbox 1613 4463 1701 4513; x_wconf 83' lang='lat' dir='ltr'><strong>obea-</strong></span> 
     </span>
     <span class='ocr_line' id='line_1_97' title="bbox 913 4552 1699 4619; baseline -0.011 -12"><span class='ocrx_word' id='word_1_779' title='bbox 913 4561 978 4619; x_wconf 86' lang='lat' dir='ltr'><strong>tam,</strong></span> <span class='ocrx_word' id='word_1_780' title='bbox 992 4558 1083 4619; x_wconf 84' lang='lat' dir='ltr'><strong>inquit,</strong></span> <span class='ocrx_word' id='word_1_781' title='bbox 1100 4558 1230 4615; x_wconf 74' lang='lat' dir='ltr'><strong>arsinoen,</strong></span> <span class='ocrx_word' id='word_1_782' title='bbox 1244 4560 1296 4605; x_wconf 88' lang='lat' dir='ltr'><strong>tum</strong></span> <span class='ocrx_word' id='word_1_783' title='bbox 1311 4554 1409 4617; x_wconf 89' lang='lat' dir='ltr'><strong>propter</strong></span> <span class='ocrx_word' id='word_1_784' title='bbox 1424 4553 1530 4613; x_wconf 84' lang='lat' dir='ltr'><strong>priorem</strong></span> <span class='ocrx_word' id='word_1_785' title='bbox 1544 4552 1699 4601; x_wconf 88' lang='lat' dir='ltr'><strong>consuetudi-</strong></span> 
     </span>
     <span class='ocr_line' id='line_1_98' title="bbox 913 4640 1700 4706; baseline -0.01 -13"><span class='ocrx_word' id='word_1_786' title='bbox 913 4657 968 4693; x_wconf 87' lang='lat' dir='ltr'><strong>nem</strong></span> <span class='ocrx_word' id='word_1_787' title='bbox 976 4679 983 4702; x_wconf 89' lang='lat'><strong>,</strong></span> <span class='ocrx_word' id='word_1_788' title='bbox 992 4657 1049 4706; x_wconf 75' lang='lat' dir='ltr'><strong>qun</strong></span> <span class='ocrx_word' id='word_1_789' title='bbox 1061 4644 1095 4693; x_wconf 90' lang='lat' dir='ltr'><strong>iitl</strong></span> <span class='ocrx_word' id='word_1_790' title='bbox 1113 4657 1170 4692; x_wconf 87' lang='lat' dir='ltr'><strong>cum</strong></span> <span class='ocrx_word' id='word_1_791' title='bbox 1184 4646 1307 4693; x_wconf 85' lang='lat' dir='ltr'><strong>cnemone</strong></span> <span class='ocrx_word' id='word_1_792' title='bbox 1319 4640 1469 4700; x_wconf 75' lang='lat' dir='ltr'><strong>intercessit,</strong></span> <span class='ocrx_word' id='word_1_793' title='bbox 1482 4643 1534 4688; x_wconf 92' lang='lat' dir='ltr'><strong>tum</strong></span> <span class='ocrx_word' id='word_1_794' title='bbox 1547 4641 1645 4701; x_wconf 89' lang='lat' dir='ltr'><strong>propter</strong></span> <span class='ocrx_word' id='word_1_795' title='bbox 1656 4640 1700 4687; x_wconf 80' lang='lat' dir='ltr'><strong>truc</strong></span> 
     </span>
     <span class='ocr_line' id='line_1_99' title="bbox 913 4725 1700 4793; baseline -0.006 -14"><span class='ocrx_word' id='word_1_796' title='bbox 913 4731 1042 4791; x_wconf 72' lang='lat' dir='ltr'><strong>exsilium,</strong></span> <span class='ocrx_word' id='word_1_797' title='bbox 1056 4729 1123 4793; x_wconf 86' lang='lat' dir='ltr'><strong>quud</strong></span> <span class='ocrx_word' id='word_1_798' title='bbox 1143 4729 1188 4792; x_wconf 87' lang='lat' dir='ltr'><strong>ipsi</strong></span> <span class='ocrx_word' id='word_1_799' title='bbox 1204 4741 1261 4777; x_wconf 87' lang='lat' dir='ltr'><strong>cum</strong></span> <span class='ocrx_word' id='word_1_800' title='bbox 1273 4728 1314 4777; x_wconf 89' lang='lat' dir='ltr'><strong>iilo</strong></span> <span class='ocrx_word' id='word_1_801' title='bbox 1333 4725 1442 4787; x_wconf 80' lang='lat' dir='ltr'><strong>contigit.</strong></span> <span class='ocrx_word' id='word_1_802' title='bbox 1475 4725 1522 4777; x_wconf 83' lang='lat' dir='ltr'><strong>sed</strong></span> <span class='ocrx_word' id='word_1_803' title='bbox 1537 4725 1589 4775; x_wconf 82' lang='lat' dir='ltr'><strong>baec</strong></span> <span class='ocrx_word' id='word_1_804' title='bbox 1600 4726 1659 4788; x_wconf 82' lang='lat' dir='ltr'><strong>quid</strong></span> <span class='ocrx_word' id='word_1_805' title='bbox 1669 4726 1700 4774; x_wconf 84' lang='lat' dir='ltr'><strong>ad</strong></span> 
     </span>
     <span class='ocr_line' id='line_1_100' title="bbox 913 4815 1701 4880; baseline -0.008 -12"><span class='ocrx_word' id='word_1_806' title='bbox 913 4830 957 4868; x_wconf 88' lang='lat' dir='ltr'><strong>nos</strong></span> <span class='ocrx_word' id='word_1_807' title='bbox 979 4818 1116 4880; x_wconf 77' lang='lat' dir='ltr'><strong>pertinent?</strong></span> <span class='ocrx_word' id='word_1_808' title='bbox 1139 4819 1295 4877; x_wconf 75' lang='lat' dir='ltr'><strong>magnopere,</strong></span> <span class='ocrx_word' id='word_1_809' title='bbox 1314 4827 1330 4864; x_wconf 92' lang='lat' dir='ltr'><strong>o</strong></span> <span class='ocrx_word' id='word_1_810' title='bbox 1347 4815 1454 4865; x_wconf 82' lang='lat' dir='ltr'><strong>domina.</strong></span> <span class='ocrx_word' id='word_1_811' title='bbox 1487 4820 1574 4865; x_wconf 79' lang='lat' dir='ltr'><strong>amare</strong></span> <span class='ocrx_word' id='word_1_812' title='bbox 1595 4827 1634 4863; x_wconf 89' lang='lat' dir='ltr'><strong>me</strong></span> <span class='ocrx_word' id='word_1_813' title='bbox 1657 4828 1701 4877; x_wconf 78' lang='lat' dir='ltr'><strong>ego</strong></span> 
     </span>
     <span class='ocr_line' id='line_1_101' title="bbox 914 4902 1700 4965; baseline -0.005 -9"><span class='ocrx_word' id='word_1_814' title='bbox 914 4910 1060 4956; x_wconf 81' lang='lat' dir='ltr'><strong>Cnenronem</strong></span> <span class='ocrx_word' id='word_1_815' title='bbox 1081 4903 1216 4962; x_wconf 85' lang='lat' dir='ltr'><strong>simulabo,</strong></span> <span class='ocrx_word' id='word_1_816' title='bbox 1232 4902 1369 4965; x_wconf 76' lang='lat' dir='ltr'><strong>mgalnrque</strong></span> <span class='ocrx_word' id='word_1_817' title='bbox 1390 4903 1519 4964; x_wconf 74' lang='lat' dir='ltr'><strong>Arsinoeia,</strong></span> <span class='ocrx_word' id='word_1_818' title='bbox 1536 4904 1587 4965; x_wconf 86' lang='lat' dir='ltr'><strong>jam</strong></span> <span class='ocrx_word' id='word_1_819' title='bbox 1608 4902 1700 4965; x_wconf 82' lang='lat' dir='ltr'><strong>pridem</strong></span> 
     </span>
    </p>
   </div>
   <div class='ocr_carea' id='block_1_11' title="bbox 96 4966 1700 5069">
    <p class='ocr_par' dir='ltr' id='par_1_15' title="bbox 96 4966 1700 5069">
     <span class='ocr_line' id='line_1_102' title="bbox 96 4966 1700 5069; baseline -0.003 -24"><span class='ocrx_word' id='word_1_820' title='bbox 96 4966 119 5023; x_wconf 52' lang='grc' dir='ltr'><strong>δὲ</strong></span> <span class='ocrx_word' id='word_1_821' title='bbox 133 4972 179 5045; x_wconf 55' lang='lat' dir='ltr'><strong>rt„</strong></span> <span class='ocrx_word' id='word_1_822' title='bbox 192 4980 334 5064; x_wconf 75' lang='grc' dir='ltr'>Ἀρσινόην,</span> <span class='ocrx_word' id='word_1_823' title='bbox 347 4978 427 5047; x_wconf 83' lang='grc' dir='ltr'>οθσάν</span> <span class='ocrx_word' id='word_1_824' title='bbox 450 5010 494 5063; x_wconf 90' lang='grc' dir='ltr'><strong>μοι</strong></span> <span class='ocrx_word' id='word_1_825' title='bbox 512 4989 597 5046; x_wconf 88' lang='grc' dir='ltr'>πάλαι</span> <span class='ocrx_word' id='word_1_826' title='bbox 611 4989 740 5069; x_wconf 82' lang='grc' dir='ltr'>γνώριμον</span> <span class='ocrx_word' id='word_1_827' title='bbox 761 4990 813 5048; x_wconf 83' lang='grc' dir='ltr'><strong>άπὸ</strong></span> <span class='ocrx_word' id='word_1_828' title='bbox 824 4995 870 5062; x_wconf 89' lang='grc' dir='ltr'><strong>τῆς</strong></span> <span class='ocrx_word' id='word_1_829' title='bbox 914 4995 973 5045; x_wconf 87' lang='lat' dir='ltr'><strong>mibi</strong></span> <span class='ocrx_word' id='word_1_830' title='bbox 982 4996 1101 5044; x_wconf 74' lang='lat' dir='ltr'><strong>notamen</strong></span> <span class='ocrx_word' id='word_1_831' title='bbox 1112 4994 1178 5053; x_wconf 91' lang='lat' dir='ltr'><strong>arte,</strong></span> <span class='ocrx_word' id='word_1_832' title='bbox 1187 4992 1216 5040; x_wconf 91' lang='lat' dir='ltr'><strong>ut</strong></span> <span class='ocrx_word' id='word_1_833' title='bbox 1226 5003 1267 5040; x_wconf 88' lang='lat' dir='ltr'><strong>me</strong></span> <span class='ocrx_word' id='word_1_834' title='bbox 1278 4989 1416 5040; x_wconf 88' lang='lat' dir='ltr'><strong>introducat</strong></span> <span class='ocrx_word' id='word_1_835' title='bbox 1427 4991 1700 5050; x_wconf 81' lang='lat' dir='ltr'><strong>noctaradeum,suuur</strong></span> 
     </span>
    </p>
   </div>
   <div class='ocr_carea' id='block_1_12' title="bbox 96 5055 1763 5159">
    <p class='ocr_par' dir='ltr' id='par_1_16' title="bbox 96 5055 1763 5159">
     <span class='ocr_line' id='line_1_103' title="bbox 96 5055 1763 5159; baseline -0.004 -26"><span class='ocrx_word' id='word_1_836' title='bbox 96 5055 198 5159; x_wconf 51' lang='grc' dir='ltr'>ξέλθθς,</span> <span class='ocrx_word' id='word_1_837' title='bbox 215 5075 363 5153; x_wconf 76' lang='grc' dir='ltr'>εἰσαγαγεῖν</span> <span class='ocrx_word' id='word_1_838' title='bbox 382 5098 416 5150; x_wconf 87' lang='grc' dir='ltr'><strong>με</strong></span> <span class='ocrx_word' id='word_1_839' title='bbox 438 5079 474 5143; x_wconf 79' lang='grc' dir='ltr'>ὡς</span> <span class='ocrx_word' id='word_1_840' title='bbox 488 5075 567 5134; x_wconf 87' lang='grc' dir='ltr'>αύτδν</span> <span class='ocrx_word' id='word_1_841' title='bbox 579 5075 682 5156; x_wconf 87' lang='grc' dir='ltr'>νύκτωρ</span> <span class='ocrx_word' id='word_1_842' title='bbox 705 5077 760 5136; x_wconf 81' lang='grc' dir='ltr'>ἀνθ’</span> <span class='ocrx_word' id='word_1_843' title='bbox 777 5080 868 5147; x_wconf 79' lang='grc' dir='ltr'>αθτῆς·</span> <span class='ocrx_word' id='word_1_844' title='bbox 913 5084 938 5132; x_wconf 88' lang='lat' dir='ltr'><strong>iu</strong></span> <span class='ocrx_word' id='word_1_845' title='bbox 952 5083 1039 5132; x_wconf 83' lang='lat' dir='ltr'><strong>locum.</strong></span> <span class='ocrx_word' id='word_1_846' title='bbox 1055 5080 1158 5138; x_wconf 79' lang='lat' dir='ltr'><strong>Quodsi</strong></span> <span class='ocrx_word' id='word_1_847' title='bbox 1172 5092 1237 5141; x_wconf 83' lang='lat' dir='ltr'><strong>ame</strong></span> <span class='ocrx_word' id='word_1_848' title='bbox 1248 5076 1406 5138; x_wconf 89' lang='lat' dir='ltr'><strong>obtinebitur,</strong></span> <span class='ocrx_word' id='word_1_849' title='bbox 1417 5081 1488 5128; x_wconf 90' lang='lat' dir='ltr'><strong>tuum</strong></span> <span class='ocrx_word' id='word_1_850' title='bbox 1499 5080 1558 5139; x_wconf 86' lang='lat' dir='ltr'><strong>erit,</strong></span> <span class='ocrx_word' id='word_1_851' title='bbox 1575 5082 1603 5128; x_wconf 87' lang='lat' dir='ltr'><strong>ut</strong></span> <span class='ocrx_word' id='word_1_852' title='bbox 1617 5083 1640 5127; x_wconf 90' lang='lat' dir='ltr'><strong>ie</strong></span> <span class='ocrx_word' id='word_1_853' title='bbox 1649 5080 1700 5140; x_wconf 75' lang='lat' dir='ltr'><strong>iarn</strong></span> <span class='ocrx_word' id='word_1_854' title='bbox 1758 5084 1763 5093; x_wconf 87' lang='lat'>&#39;</span> 
     </span>
    </p>
   </div>
   <div class='ocr_carea' id='block_1_13' title="bbox 96 5157 869 5245">
    <p class='ocr_par' dir='ltr' id='par_1_17' title="bbox 96 5157 869 5245">
     <span class='ocr_line' id='line_1_104' title="bbox 96 5157 869 5245; baseline 0.001 -21"><span class='ocrx_word' id='word_1_855' title='bbox 96 5162 154 5231; x_wconf 58' lang='lat'><strong>⁰5⁶?</strong></span> <span class='ocrx_word' id='word_1_856' title='bbox 177 5157 198 5211; x_wconf 75' lang='grc' dir='ltr'><strong>ῑί</strong></span> <span class='ocrx_word' id='word_1_857' title='bbox 222 5160 335 5235; x_wconf 79' lang='grc' dir='ltr'>γίνοιτο,</span> <span class='ocrx_word' id='word_1_858' title='bbox 358 5164 404 5221; x_wconf 87' lang='grc' dir='ltr'><strong>σδν</strong></span> <span class='ocrx_word' id='word_1_859' title='bbox 432 5163 464 5223; x_wconf 78' lang='grc' dir='ltr'><strong>δν</strong></span> <span class='ocrx_word' id='word_1_860' title='bbox 485 5164 525 5237; x_wconf 75' lang='grc' dir='ltr'><strong>εἴη</strong></span> <span class='ocrx_word' id='word_1_861' title='bbox 544 5164 573 5221; x_wconf 88' lang='grc' dir='ltr'><strong>τδ</strong></span> <span class='ocrx_word' id='word_1_862' title='bbox 595 5168 711 5225; x_wconf 70' lang='grc' dir='ltr'>ἐντεῦθεν</span> <span class='ocrx_word' id='word_1_863' title='bbox 738 5167 869 5245; x_wconf 82' lang='grc' dir='ltr'>Ἀρσινόην</span> 
     </span>
    </p>
   </div>
   <div class='ocr_carea' id='block_1_14' title="bbox 97 5240 871 5330">
    <p class='ocr_par' dir='ltr' id='par_1_18' title="bbox 97 5240 871 5330">
     <span class='ocr_line' id='line_1_105' title="bbox 97 5240 871 5330; baseline 0.039 -49"><span class='ocrx_word' id='word_1_864' title='bbox 97 5249 155 5290; x_wconf 74' lang='lat' dir='ltr'><strong>ruini</strong></span> <span class='ocrx_word' id='word_1_865' title='bbox 169 5240 249 5304; x_wconf 76' lang='grc' dir='ltr'>δοκεῖν</span> <span class='ocrx_word' id='word_1_866' title='bbox 271 5250 315 5306; x_wconf 84' lang='grc' dir='ltr'><strong>καὶ</strong></span> <span class='ocrx_word' id='word_1_867' title='bbox 329 5257 419 5328; x_wconf 76' lang='grc' dir='ltr'>φοιτᾶν</span> <span class='ocrx_word' id='word_1_868' title='bbox 437 5251 499 5330; x_wconf 82' lang='grc' dir='ltr'>παρ’</span> <span class='ocrx_word' id='word_1_869' title='bbox 514 5251 590 5309; x_wconf 81' lang='grc' dir='ltr'>αύτδν</span> <span class='ocrx_word' id='word_1_870' title='bbox 605 5256 638 5318; x_wconf 80' lang='grc' dir='ltr'>ὡς</span> <span class='ocrx_word' id='word_1_871' title='bbox 657 5253 765 5324; x_wconf 76' lang='grc' dir='ltr'>ἐκείνην.</span> <span class='ocrx_word' id='word_1_872' title='bbox 809 5256 871 5313; x_wconf 82' lang='grc' dir='ltr'><strong>Με-</strong></span> 
     </span>
    </p>
   </div>
   <div class='ocr_carea' id='block_1_15' title="bbox 915 5165 1698 5235">
    <p class='ocr_par' dir='ltr' id='par_1_19' title="bbox 915 5165 1698 5235">
     <span class='ocr_line' id='line_1_106' title="bbox 915 5165 1698 5235; baseline -0.009 -14"><span class='ocrx_word' id='word_1_873' title='bbox 915 5171 1028 5221; x_wconf 78' lang='grc' dir='ltr'>λειιίιιοθιι</span> <span class='ocrx_word' id='word_1_874' title='bbox 1042 5182 1093 5218; x_wconf 77' lang='lat' dir='ltr'><strong>esec</strong></span> <span class='ocrx_word' id='word_1_875' title='bbox 1107 5172 1177 5231; x_wconf 77' lang='lat' dir='ltr'><strong>putes</strong></span> <span class='ocrx_word' id='word_1_876' title='bbox 1197 5170 1221 5217; x_wconf 82' lang='lat' dir='ltr'><strong>et</strong></span> <span class='ocrx_word' id='word_1_877' title='bbox 1239 5169 1355 5228; x_wconf 70' lang='lat' dir='ltr'><strong>tanqum</strong></span> <span class='ocrx_word' id='word_1_878' title='bbox 1378 5165 1417 5214; x_wconf 80' lang='lat' dir='ltr'><strong>iliu</strong></span> <span class='ocrx_word' id='word_1_879' title='bbox 1432 5166 1468 5235; x_wconf 82' lang='lat' dir='ltr'><strong>ad</strong></span> <span class='ocrx_word' id='word_1_880' title='bbox 1481 5182 1536 5217; x_wconf 85' lang='lat' dir='ltr'><strong>euru</strong></span> <span class='ocrx_word' id='word_1_881' title='bbox 1551 5166 1698 5229; x_wconf 80' lang='lat' dir='ltr'><strong>ingrediaris.</strong></span> 
     </span>
    </p>
   </div>
   <div class='ocr_carea' id='block_1_16' title="bbox 892 5255 1699 5320">
    <p class='ocr_par' dir='ltr' id='par_1_20' title="bbox 892 5255 1699 5320">
     <span class='ocr_line' id='line_1_107' title="bbox 892 5255 1699 5320; baseline -0.012 -10"><span class='ocrx_word' id='word_1_882' title='bbox 892 5288 894 5295; x_wconf 35' lang='grc' dir='ltr'>ι</span> <span class='ocrx_word' id='word_1_883' title='bbox 916 5260 1012 5311; x_wconf 78' lang='lat' dir='ltr'><strong>Cirrabe</strong></span> <span class='ocrx_word' id='word_1_884' title='bbox 1025 5259 1106 5307; x_wconf 76' lang='lat' dir='ltr'><strong>alitem</strong></span> <span class='ocrx_word' id='word_1_885' title='bbox 1117 5258 1140 5307; x_wconf 91' lang='lat' dir='ltr'><strong>id</strong></span> <span class='ocrx_word' id='word_1_886' title='bbox 1151 5270 1246 5320; x_wconf 85' lang='lat' dir='ltr'><strong>quoquc</strong></span> <span class='ocrx_word' id='word_1_887' title='bbox 1262 5258 1289 5305; x_wconf 92' lang='lat' dir='ltr'><strong>ut</strong></span> <span class='ocrx_word' id='word_1_888' title='bbox 1298 5267 1354 5303; x_wconf 91' lang='lat' dir='ltr'><strong>cum</strong></span> <span class='ocrx_word' id='word_1_889' title='bbox 1365 5255 1514 5319; x_wconf 82' lang='lat' dir='ltr'><strong>uliqrruntum</strong></span> <span class='ocrx_word' id='word_1_890' title='bbox 1527 5255 1643 5305; x_wconf 84' lang='lat' dir='ltr'><strong>adbiberit</strong></span> <span class='ocrx_word' id='word_1_891' title='bbox 1656 5266 1699 5301; x_wconf 78' lang='grc' dir='ltr'>ιιι·</span> 
     </span>
    </p>
   </div>
   <div class='ocr_carea' id='block_1_17' title="bbox 0 0 1952 5946">
    <p class='ocr_par' dir='ltr' id='par_1_21' title="bbox 0 0 1952 5946">
     <span class='ocr_line' id='line_1_108' title="bbox 0 0 1952 5946; baseline 0 0"><span class='ocrx_word' id='word_1_892' title='bbox 0 0 1952 5946; x_wconf 95' lang='lat' dir='ltr'><strong> </strong></span> 
     </span>
    </p>
   </div>
  </div>
 </body>
</html>
