<?xml version="1.0" encoding="UTF-8"?>
<!DOCTYPE html PUBLIC "-//W3C//DTD XHTML 1.0 Transitional//EN"
    "http://www.w3.org/TR/xhtml1/DTD/xhtml1-transitional.dtd">
<html xmlns="http://www.w3.org/1999/xhtml" xml:lang="en" lang="en">
 <head>
  <title>
</title>
<meta http-equiv="Content-Type" content="text/html;charset=utf-8" />
  <meta name='ocr-system' content='tesseract 3.04.00' />
  <meta name='ocr-capabilities' content='ocr_page ocr_carea ocr_par ocr_line ocrx_word'/>
</head>
<body>
  <div class='ocr_page' id='page_1' title='image "./ertiknlognsyngr01conggoog/ertiknlognsyngr01conggoog_0720.png"; bbox 0 0 3954 5978; ppageno 0'>
   <div class='ocr_carea' id='block_1_1' title="bbox 862 441 1754 515">
    <p class='ocr_par' dir='ltr' id='par_1_1' title="bbox 862 441 1754 515">
     <span class='ocr_line' id='line_1_1' title="bbox 862 441 1754 515; baseline 0.016 -14"><span class='ocrx_word' id='word_1_1' title='bbox 862 441 1038 502; x_wconf 76' lang='lat' dir='ltr'>Ettottcs.</span> <span class='ocrx_word' id='word_1_2' title='bbox 1636 446 1639 451; x_wconf 85' lang='lat'>&#39;</span> <span class='ocrx_word' id='word_1_3' title='bbox 1698 462 1754 515; x_wconf 78' lang='lat' dir='ltr'>oar</span> 
     </span>
    </p>
   </div>
   <div class='ocr_carea' id='block_1_2' title="bbox 35 570 1797 2284">
    <p class='ocr_par' dir='ltr' id='par_1_2' title="bbox 141 570 1757 949">
     <span class='ocr_line' id='line_1_2' title="bbox 143 570 1757 654; baseline 0.008 -21"><span class='ocrx_word' id='word_1_4' title='bbox 143 575 212 635; x_wconf 81' lang='lat' dir='ltr'>lium</span> <span class='ocrx_word' id='word_1_5' title='bbox 227 594 320 635; x_wconf 84' lang='lat' dir='ltr'>stream</span> <span class='ocrx_word' id='word_1_6' title='bbox 341 575 525 636; x_wconf 80' lang='lat' dir='ltr'>nutriendum</span> <span class='ocrx_word' id='word_1_7' title='bbox 544 576 734 654; x_wconf 70' lang='lat' dir='ltr'>nequissimis</span> <span class='ocrx_word' id='word_1_8' title='bbox 753 575 925 636; x_wconf 87' lang='lat' dir='ltr'>hominibus</span> <span class='ocrx_word' id='word_1_9' title='bbox 971 574 1093 634; x_wconf 78' lang='lat' dir='ltr'>reddere</span> <span class='ocrx_word' id='word_1_10' title='bbox 1116 576 1283 635; x_wconf 86' lang='lat' dir='ltr'>noluerunt.</span> <span class='ocrx_word' id='word_1_11' title='bbox 1299 577 1444 637; x_wconf 71' lang='lat' dir='ltr'>Scelerata</span> <span class='ocrx_word' id='word_1_12' title='bbox 1458 570 1564 639; x_wconf 88' lang='lat' dir='ltr'>mulier</span> <span class='ocrx_word' id='word_1_13' title='bbox 1578 582 1619 640; x_wconf 82' lang='lat' dir='ltr'>ait</span> <span class='ocrx_word' id='word_1_14' title='bbox 1643 605 1649 639; x_wconf 90' lang='lat'>:</span> <span class='ocrx_word' id='word_1_15' title='bbox 1675 584 1757 645; x_wconf 85' lang='lat' dir='ltr'>Bone</span> 
     </span>
     <span class='ocr_line' id='line_1_3' title="bbox 141 668 1756 752; baseline 0.007 -24"><span class='ocrx_word' id='word_1_16' title='bbox 141 670 353 729; x_wconf 84' lang='lat' dir='ltr'>commendavi.</span> <span class='ocrx_word' id='word_1_17' title='bbox 377 668 413 729; x_wconf 87' lang='lat' dir='ltr'>Et</span> <span class='ocrx_word' id='word_1_18' title='bbox 429 670 461 728; x_wconf 91' lang='lat' dir='ltr'>in</span> <span class='ocrx_word' id='word_1_19' title='bbox 479 669 596 750; x_wconf 75' lang='lat' dir='ltr'>AEgypti</span> <span class='ocrx_word' id='word_1_20' title='bbox 618 669 819 750; x_wconf 75' lang='lat' dir='ltr'>partibuslili</span> <span class='ocrx_word' id='word_1_21' title='bbox 839 672 925 730; x_wconf 90' lang='lat' dir='ltr'>annis</span> <span class='ocrx_word' id='word_1_22' title='bbox 970 669 1109 743; x_wconf 87' lang='lat' dir='ltr'>domine,</span> <span class='ocrx_word' id='word_1_23' title='bbox 1124 671 1270 749; x_wconf 83' lang='lat' dir='ltr'>numquid</span> <span class='ocrx_word' id='word_1_24' title='bbox 1292 691 1352 731; x_wconf 87' lang='lat' dir='ltr'>uon</span> <span class='ocrx_word' id='word_1_25' title='bbox 1374 685 1405 731; x_wconf 92' lang='lat' dir='ltr'>tu</span> <span class='ocrx_word' id='word_1_26' title='bbox 1428 674 1492 752; x_wconf 86' lang='lat' dir='ltr'>ipse</span> <span class='ocrx_word' id='word_1_27' title='bbox 1514 675 1632 735; x_wconf 88' lang='lat' dir='ltr'>titulum</span> <span class='ocrx_word' id='word_1_28' title='bbox 1653 698 1756 739; x_wconf 88' lang='lat' dir='ltr'>monu-</span> 
     </span>
     <span class='ocr_line' id='line_1_4' title="bbox 143 764 1753 849; baseline 0.008 -26"><span class='ocrx_word' id='word_1_29' title='bbox 143 764 194 826; x_wconf 85' lang='lat' dir='ltr'>lui.</span> <span class='ocrx_word' id='word_1_30' title='bbox 224 765 399 824; x_wconf 70' lang='lat' dir='ltr'>advenienti</span> <span class='ocrx_word' id='word_1_31' title='bbox 418 784 489 824; x_wconf 77' lang='lat' dir='ltr'>tero</span> <span class='ocrx_word' id='word_1_32' title='bbox 511 778 542 824; x_wconf 93' lang='lat' dir='ltr'>ut</span> <span class='ocrx_word' id='word_1_33' title='bbox 564 766 656 825; x_wconf 84' lang='lat' dir='ltr'>lilism</span> <span class='ocrx_word' id='word_1_34' title='bbox 679 785 772 825; x_wconf 79' lang='lat' dir='ltr'>metm</span> <span class='ocrx_word' id='word_1_35' title='bbox 784 780 923 846; x_wconf 80' lang='lat' dir='ltr'>peterem,</span> <span class='ocrx_word' id='word_1_36' title='bbox 971 767 1060 826; x_wconf 89' lang='lat' dir='ltr'>menti</span> <span class='ocrx_word' id='word_1_37' title='bbox 1075 766 1141 845; x_wconf 84' lang='lat' dir='ltr'>ejus</span> <span class='ocrx_word' id='word_1_38' title='bbox 1153 769 1269 844; x_wconf 76' lang='lat' dir='ltr'>legisti?</span> <span class='ocrx_word' id='word_1_39' title='bbox 1289 769 1418 829; x_wconf 80' lang='lat' dir='ltr'>Domine</span> <span class='ocrx_word' id='word_1_40' title='bbox 1432 771 1547 845; x_wconf 85' lang='lat' dir='ltr'>Tarsis,</span> <span class='ocrx_word' id='word_1_41' title='bbox 1560 785 1627 831; x_wconf 80' lang='lat' dir='ltr'>nuta</span> <span class='ocrx_word' id='word_1_42' title='bbox 1638 774 1753 849; x_wconf 89' lang='lat' dir='ltr'>dulcis,</span> 
     </span>
     <span class='ocr_line' id='line_1_5' title="bbox 141 859 1757 949; baseline 0.008 -32"><span class='ocrx_word' id='word_1_43' title='bbox 141 859 279 920; x_wconf 78' lang='lat' dir='ltr'>dixerunt</span> <span class='ocrx_word' id='word_1_44' title='bbox 292 880 355 919; x_wconf 84' lang='lat' dir='ltr'>estu</span> <span class='ocrx_word' id='word_1_45' title='bbox 373 879 437 920; x_wconf 90' lang='lat' dir='ltr'>esse</span> <span class='ocrx_word' id='word_1_46' title='bbox 451 860 625 928; x_wconf 81' lang='lat' dir='ltr'>defunctam.</span> <span class='ocrx_word' id='word_1_47' title='bbox 639 861 676 919; x_wconf 82' lang='lat' dir='ltr'>Et</span> <span class='ocrx_word' id='word_1_48' title='bbox 687 861 774 936; x_wconf 89' lang='lat' dir='ltr'>dum,</span> <span class='ocrx_word' id='word_1_49' title='bbox 789 862 925 921; x_wconf 82' lang='lat' dir='ltr'>redivivo</span> <span class='ocrx_word' id='word_1_50' title='bbox 970 865 995 922; x_wconf 91' lang='lat' dir='ltr'>si</span> <span class='ocrx_word' id='word_1_51' title='bbox 1027 865 1096 942; x_wconf 87' lang='lat' dir='ltr'>quis</span> <span class='ocrx_word' id='word_1_52' title='bbox 1119 878 1216 924; x_wconf 89' lang='lat' dir='ltr'>tamen</span> <span class='ocrx_word' id='word_1_53' title='bbox 1241 865 1318 945; x_wconf 83' lang='lat' dir='ltr'>apud</span> <span class='ocrx_word' id='word_1_54' title='bbox 1341 866 1452 926; x_wconf 79' lang='lat' dir='ltr'>interos</span> <span class='ocrx_word' id='word_1_55' title='bbox 1474 887 1596 942; x_wconf 86' lang='lat' dir='ltr'>sensus,</span> <span class='ocrx_word' id='word_1_56' title='bbox 1623 870 1757 949; x_wconf 83' lang='lat' dir='ltr'>relinque</span> 
     </span>
    </p>

    <p class='ocr_par' dir='ltr' id='par_1_3' title="bbox 116 954 1783 1421">
     <span class='ocr_line' id='line_1_6' title="bbox 116 954 1783 1039; baseline 0.008 -27"><span class='ocrx_word' id='word_1_57' title='bbox 116 967 128 1003; x_wconf 70' lang='lat' dir='ltr'>b</span> <span class='ocrx_word' id='word_1_58' title='bbox 143 955 236 1028; x_wconf 89' lang='lat' dir='ltr'>luctu,</span> <span class='ocrx_word' id='word_1_59' title='bbox 260 954 436 1033; x_wconf 79' lang='lat' dir='ltr'>lugubribus</span> <span class='ocrx_word' id='word_1_60' title='bbox 450 957 631 1031; x_wconf 79' lang='lat' dir='ltr'>involveret,</span> <span class='ocrx_word' id='word_1_61' title='bbox 648 959 724 1018; x_wconf 88' lang='lat' dir='ltr'>mori</span> <span class='ocrx_word' id='word_1_62' title='bbox 744 960 874 1037; x_wconf 82' lang='lat' dir='ltr'>cupienti</span> <span class='ocrx_word' id='word_1_63' title='bbox 887 959 925 1016; x_wconf 86' lang='lat' dir='ltr'>li·</span> <span class='ocrx_word' id='word_1_64' title='bbox 970 972 1122 1020; x_wconf 75' lang='lat' dir='ltr'>tartareum</span> <span class='ocrx_word' id='word_1_65' title='bbox 1135 961 1309 1033; x_wconf 87' lang='lat' dir='ltr'>domum,et</span> <span class='ocrx_word' id='word_1_66' title='bbox 1315 963 1459 1039; x_wconf 76' lang='lat' dir='ltr'>genitoris</span> <span class='ocrx_word' id='word_1_67' title='bbox 1467 963 1511 1022; x_wconf 89' lang='lat' dir='ltr'>tui</span> <span class='ocrx_word' id='word_1_68' title='bbox 1524 982 1624 1025; x_wconf 77' lang='lat' dir='ltr'>rocem</span> <span class='ocrx_word' id='word_1_69' title='bbox 1637 967 1754 1027; x_wconf 86' lang='lat' dir='ltr'>exaudi.</span> <span class='ocrx_word' id='word_1_70' title='bbox 1770 988 1783 1025; x_wconf 85' lang='lat' dir='ltr'>s</span> 
     </span>
     <span class='ocr_line' id='line_1_7' title="bbox 141 1052 924 1117; baseline 0.006 -7"><span class='ocrx_word' id='word_1_71' title='bbox 141 1052 208 1112; x_wconf 88' lang='lat' dir='ltr'>lism</span> <span class='ocrx_word' id='word_1_72' title='bbox 228 1073 322 1113; x_wconf 86' lang='lat' dir='ltr'>meam</span> <span class='ocrx_word' id='word_1_73' title='bbox 338 1054 502 1114; x_wconf 84' lang='lat' dir='ltr'>reddidisti.</span> <span class='ocrx_word' id='word_1_74' title='bbox 518 1053 592 1114; x_wconf 84' lang='lat' dir='ltr'>Cum</span> <span class='ocrx_word' id='word_1_75' title='bbox 606 1055 668 1115; x_wconf 73' lang='lat' dir='ltr'>hec</span> <span class='ocrx_word' id='word_1_76' title='bbox 681 1069 711 1115; x_wconf 86' lang='lat' dir='ltr'>et</span> <span class='ocrx_word' id='word_1_77' title='bbox 730 1057 841 1116; x_wconf 79' lang='lat' dir='ltr'>similis</span> <span class='ocrx_word' id='word_1_78' title='bbox 857 1075 924 1117; x_wconf 88' lang='lat' dir='ltr'>nsr·</span> 
     </span>
     <span class='ocr_line' id='line_1_8' title="bbox 140 1114 1477 1231; baseline 0.004 -25"><span class='ocrx_word' id='word_1_79' title='bbox 140 1151 348 1226; x_wconf 65' lang='lat' dir='ltr'>ruru,levsvit</span> <span class='ocrx_word' id='word_1_80' title='bbox 365 1168 396 1209; x_wconf 89' lang='lat' dir='ltr'>se</span> <span class='ocrx_word' id='word_1_81' title='bbox 415 1134 692 1210; x_wconf 78' lang='lat' dir='ltr'>Archistratisuxor</span> <span class='ocrx_word' id='word_1_82' title='bbox 705 1152 853 1231; x_wconf 87' lang='lat' dir='ltr'>ipsius,et</span> <span class='ocrx_word' id='word_1_83' title='bbox 866 1153 926 1211; x_wconf 82' lang='lat' dir='ltr'>tuit</span> <span class='ocrx_word' id='word_1_84' title='bbox 1247 1114 1342 1181; x_wconf 61' lang='grc' dir='ltr'>(Ἆρ’</span> <span class='ocrx_word' id='word_1_85' title='bbox 1374 1115 1477 1184; x_wconf 72' lang='lat' dir='ltr'>XLH&#39;</span> 
     </span>
     <span class='ocr_line' id='line_1_9' title="bbox 141 1244 1756 1329; baseline 0.007 -26"><span class='ocrx_word' id='word_1_86' title='bbox 141 1245 171 1304; x_wconf 91' lang='lat' dir='ltr'>in</span> <span class='ocrx_word' id='word_1_87' title='bbox 183 1246 350 1324; x_wconf 77' lang='lat' dir='ltr'>amplexum</span> <span class='ocrx_word' id='word_1_88' title='bbox 361 1244 437 1322; x_wconf 88' lang='lat' dir='ltr'>ejus.</span> <span class='ocrx_word' id='word_1_89' title='bbox 451 1245 627 1324; x_wconf 74' lang='lat' dir='ltr'>Apollonius</span> <span class='ocrx_word' id='word_1_90' title='bbox 646 1265 730 1323; x_wconf 79' lang='lat' dir='ltr'>reto,</span> <span class='ocrx_word' id='word_1_91' title='bbox 746 1267 806 1306; x_wconf 90' lang='lat' dir='ltr'>nou</span> <span class='ocrx_word' id='word_1_92' title='bbox 819 1261 925 1325; x_wconf 88' lang='lat' dir='ltr'>putans</span> <span class='ocrx_word' id='word_1_93' title='bbox 1009 1248 1111 1308; x_wconf 79' lang='lat' dir='ltr'>Puella</span> <span class='ocrx_word' id='word_1_94' title='bbox 1120 1250 1239 1329; x_wconf 70' lang='lat' dir='ltr'>depost*</span> <span class='ocrx_word' id='word_1_95' title='bbox 1255 1250 1396 1323; x_wconf 87' lang='lat' dir='ltr'>tribunal,</span> <span class='ocrx_word' id='word_1_96' title='bbox 1411 1253 1493 1327; x_wconf 75' lang='lat' dir='ltr'>regio</span> <span class='ocrx_word' id='word_1_97' title='bbox 1514 1252 1615 1313; x_wconf 74' lang='lat' dir='ltr'>habitu</span> <span class='ocrx_word' id='word_1_98' title='bbox 1629 1255 1756 1315; x_wconf 88' lang='lat' dir='ltr'>circum-</span> 
     </span>
     <span class='ocr_line' id='line_1_10' title="bbox 139 1341 1753 1421; baseline 0.004 -21"><span class='ocrx_word' id='word_1_99' title='bbox 139 1359 201 1400; x_wconf 87' lang='lat' dir='ltr'>esse</span> <span class='ocrx_word' id='word_1_100' title='bbox 214 1341 368 1419; x_wconf 79' lang='lat' dir='ltr'>conjugem</span> <span class='ocrx_word' id='word_1_101' title='bbox 384 1360 484 1414; x_wconf 84' lang='lat' dir='ltr'>suam,</span> <span class='ocrx_word' id='word_1_102' title='bbox 504 1342 614 1419; x_wconf 91' lang='lat' dir='ltr'>repulit</span> <span class='ocrx_word' id='word_1_103' title='bbox 627 1361 691 1399; x_wconf 88' lang='lat' dir='ltr'>eam</span> <span class='ocrx_word' id='word_1_104' title='bbox 709 1361 726 1400; x_wconf 93' lang='lat' dir='ltr'>a</span> <span class='ocrx_word' id='word_1_105' title='bbox 742 1362 788 1414; x_wconf 89' lang='lat' dir='ltr'>se,</span> <span class='ocrx_word' id='word_1_106' title='bbox 810 1355 838 1401; x_wconf 90' lang='lat' dir='ltr'>et</span> <span class='ocrx_word' id='word_1_107' title='bbox 855 1343 922 1414; x_wconf 89' lang='lat' dir='ltr'>illa,</span> <span class='ocrx_word' id='word_1_108' title='bbox 969 1341 1049 1412; x_wconf 82' lang='lat' dir='ltr'>data,</span> <span class='ocrx_word' id='word_1_109' title='bbox 1067 1344 1162 1420; x_wconf 87' lang='lat' dir='ltr'>capite</span> <span class='ocrx_word' id='word_1_110' title='bbox 1177 1343 1273 1402; x_wconf 85' lang='lat' dir='ltr'>velato</span> <span class='ocrx_word' id='word_1_111' title='bbox 1286 1345 1446 1421; x_wconf 84' lang='lat' dir='ltr'>processit;</span> <span class='ocrx_word' id='word_1_112' title='bbox 1462 1359 1502 1418; x_wconf 86' lang='lat' dir='ltr'>et,</span> <span class='ocrx_word' id='word_1_113' title='bbox 1518 1345 1643 1404; x_wconf 77' lang='lat' dir='ltr'>revelata</span> <span class='ocrx_word' id='word_1_114' title='bbox 1664 1347 1753 1421; x_wconf 80' lang='lat' dir='ltr'>facie,</span> 
     </span>
    </p>

    <p class='ocr_par' dir='ltr' id='par_1_4' title="bbox 105 1437 1795 1711">
     <span class='ocr_line' id='line_1_11' title="bbox 105 1437 1755 1516; baseline 0.004 -20"><span class='ocrx_word' id='word_1_115' title='bbox 105 1449 128 1489; x_wconf 83' lang='lat'>¹⁰</span> <span class='ocrx_word' id='word_1_116' title='bbox 141 1459 204 1497; x_wconf 88' lang='lat' dir='ltr'>cum</span> <span class='ocrx_word' id='word_1_117' title='bbox 229 1439 384 1516; x_wconf 82' lang='lat' dir='ltr'>lacrymis,</span> <span class='ocrx_word' id='word_1_118' title='bbox 402 1457 474 1497; x_wconf 83' lang='lat' dir='ltr'>voce</span> <span class='ocrx_word' id='word_1_119' title='bbox 495 1457 598 1515; x_wconf 85' lang='lat' dir='ltr'>magna</span> <span class='ocrx_word' id='word_1_120' title='bbox 620 1439 773 1512; x_wconf 84' lang='lat' dir='ltr'>clamavit,</span> <span class='ocrx_word' id='word_1_121' title='bbox 797 1439 922 1498; x_wconf 85' lang='lat' dir='ltr'>dicens:</span> <span class='ocrx_word' id='word_1_122' title='bbox 969 1437 1086 1496; x_wconf 86' lang='lat' dir='ltr'>mulieri</span> <span class='ocrx_word' id='word_1_123' title='bbox 1112 1438 1211 1497; x_wconf 82' lang='lat' dir='ltr'>dixit:</span> <span class='ocrx_word' id='word_1_124' title='bbox 1235 1438 1408 1516; x_wconf 84' lang='lat' dir='ltr'>Dionysias,</span> <span class='ocrx_word' id='word_1_125' title='bbox 1435 1459 1505 1514; x_wconf 75' lang='lat' dir='ltr'>are3</span> <span class='ocrx_word' id='word_1_126' title='bbox 1525 1442 1618 1500; x_wconf 82' lang='lat' dir='ltr'>soluto</span> <span class='ocrx_word' id='word_1_127' title='bbox 1633 1444 1710 1503; x_wconf 90' lang='lat' dir='ltr'>enim</span> <span class='ocrx_word' id='word_1_128' title='bbox 1728 1457 1755 1502; x_wconf 91' lang='lat' dir='ltr'>te</span> 
     </span>
     <span class='ocr_line' id='line_1_12' title="bbox 139 1532 1795 1614; baseline 0 -20"><span class='ocrx_word' id='word_1_129' title='bbox 139 1535 200 1611; x_wconf 79' lang='lat' dir='ltr'>Ego</span> <span class='ocrx_word' id='word_1_130' title='bbox 222 1555 287 1594; x_wconf 91' lang='lat' dir='ltr'>sum</span> <span class='ocrx_word' id='word_1_131' title='bbox 308 1535 417 1614; x_wconf 86' lang='lat' dir='ltr'>conjux</span> <span class='ocrx_word' id='word_1_132' title='bbox 438 1548 486 1594; x_wconf 86' lang='lat' dir='ltr'>tua</span> <span class='ocrx_word' id='word_1_133' title='bbox 505 1534 708 1610; x_wconf 78' lang='lat' dir='ltr'>Archistratis,</span> <span class='ocrx_word' id='word_1_134' title='bbox 726 1536 804 1612; x_wconf 80' lang='lat' dir='ltr'>regis</span> <span class='ocrx_word' id='word_1_135' title='bbox 819 1536 924 1595; x_wconf 77' lang='lat' dir='ltr'>Archi·</span> <span class='ocrx_word' id='word_1_136' title='bbox 968 1532 1006 1591; x_wconf 84' lang='lat' dir='ltr'>nb</span> <span class='ocrx_word' id='word_1_137' title='bbox 1020 1534 1123 1593; x_wconf 81' lang='lat' dir='ltr'>inseris</span> <span class='ocrx_word' id='word_1_138' title='bbox 1147 1549 1292 1594; x_wconf 85' lang='lat' dir='ltr'>revocata.</span> <span class='ocrx_word' id='word_1_139' title='bbox 1315 1535 1423 1595; x_wconf 81' lang='lat' dir='ltr'>Mulier</span> <span class='ocrx_word' id='word_1_140' title='bbox 1447 1536 1588 1597; x_wconf 79' lang='lat' dir='ltr'>scelerata</span> <span class='ocrx_word' id='word_1_141' title='bbox 1605 1550 1667 1597; x_wconf 90' lang='lat' dir='ltr'>toto</span> <span class='ocrx_word' id='word_1_142' title='bbox 1690 1560 1754 1599; x_wconf 88' lang='lat' dir='ltr'>cor·</span> <span class='ocrx_word' id='word_1_143' title='bbox 1771 1559 1795 1595; x_wconf 85' lang='lat' dir='ltr'>m</span> 
     </span>
     <span class='ocr_line' id='line_1_13' title="bbox 139 1631 1755 1711; baseline 0.004 -21"><span class='ocrx_word' id='word_1_144' title='bbox 139 1633 220 1691; x_wconf 87' lang='lat' dir='ltr'>strati</span> <span class='ocrx_word' id='word_1_145' title='bbox 241 1632 313 1690; x_wconf 84' lang='lat' dir='ltr'>filis.</span> <span class='ocrx_word' id='word_1_146' title='bbox 331 1631 366 1691; x_wconf 83' lang='lat' dir='ltr'>Et</span> <span class='ocrx_word' id='word_1_147' title='bbox 386 1632 503 1692; x_wconf 86' lang='lat' dir='ltr'>mittens</span> <span class='ocrx_word' id='word_1_148' title='bbox 516 1652 547 1691; x_wconf 91' lang='lat' dir='ltr'>se</span> <span class='ocrx_word' id='word_1_149' title='bbox 572 1633 677 1691; x_wconf 88' lang='lat' dir='ltr'>iterum</span> <span class='ocrx_word' id='word_1_150' title='bbox 702 1634 733 1691; x_wconf 91' lang='lat' dir='ltr'>in</span> <span class='ocrx_word' id='word_1_151' title='bbox 756 1632 923 1711; x_wconf 89' lang='lat' dir='ltr'>amplexum</span> <span class='ocrx_word' id='word_1_152' title='bbox 968 1650 1042 1709; x_wconf 88' lang='lat' dir='ltr'>pore</span> <span class='ocrx_word' id='word_1_153' title='bbox 1052 1632 1228 1691; x_wconf 87' lang='lat' dir='ltr'>contremuit</span> <span class='ocrx_word' id='word_1_154' title='bbox 1244 1653 1251 1689; x_wconf 92' lang='lat'>:</span> <span class='ocrx_word' id='word_1_155' title='bbox 1265 1632 1413 1691; x_wconf 87' lang='lat' dir='ltr'>mirantur</span> <span class='ocrx_word' id='word_1_156' title='bbox 1425 1634 1505 1692; x_wconf 86' lang='lat' dir='ltr'>cives</span> <span class='ocrx_word' id='word_1_157' title='bbox 1524 1647 1552 1692; x_wconf 90' lang='lat' dir='ltr'>et</span> <span class='ocrx_word' id='word_1_158' title='bbox 1564 1635 1701 1711; x_wconf 85' lang='lat' dir='ltr'>gaudent.</span> <span class='ocrx_word' id='word_1_159' title='bbox 1720 1637 1755 1696; x_wconf 82' lang='lat' dir='ltr'>Et</span> 
     </span>
    </p>

    <p class='ocr_par' dir='ltr' id='par_1_5' title="bbox 35 1724 1755 1903">
     <span class='ocr_line' id='line_1_14' title="bbox 35 1724 1754 1806; baseline 0.004 -22"><span class='ocrx_word' id='word_1_160' title='bbox 35 1791 38 1798; x_wconf 49' lang='grc'>,</span> <span class='ocrx_word' id='word_1_161' title='bbox 138 1725 424 1806; x_wconf 82' lang='lat' dir='ltr'>ejus,nsculabatur</span> <span class='ocrx_word' id='word_1_162' title='bbox 439 1741 564 1799; x_wconf 84' lang='lat' dir='ltr'>eum3et</span> <span class='ocrx_word' id='word_1_163' title='bbox 581 1728 671 1806; x_wconf 88' lang='lat' dir='ltr'>coepit</span> <span class='ocrx_word' id='word_1_164' title='bbox 683 1728 781 1786; x_wconf 90' lang='lat' dir='ltr'>dicere</span> <span class='ocrx_word' id='word_1_165' title='bbox 803 1727 852 1785; x_wconf 75' lang='lat' dir='ltr'>:T</span> <span class='ocrx_word' id='word_1_166' title='bbox 853 1748 873 1786; x_wconf 92' lang='grc' dir='ltr'>ιι</span> <span class='ocrx_word' id='word_1_167' title='bbox 893 1748 924 1787; x_wconf 91' lang='lat' dir='ltr'>es</span> <span class='ocrx_word' id='word_1_168' title='bbox 965 1724 1055 1803; x_wconf 85' lang='lat' dir='ltr'>jussit</span> <span class='ocrx_word' id='word_1_169' title='bbox 1064 1725 1169 1785; x_wconf 83' lang='lat' dir='ltr'>Tarsia</span> <span class='ocrx_word' id='word_1_170' title='bbox 1183 1727 1285 1786; x_wconf 85' lang='lat' dir='ltr'>venire</span> <span class='ocrx_word' id='word_1_171' title='bbox 1305 1725 1521 1806; x_wconf 84' lang='lat' dir='ltr'>Theophilum,</span> <span class='ocrx_word' id='word_1_172' title='bbox 1541 1729 1688 1804; x_wconf 87' lang='lat' dir='ltr'>villicum,</span> <span class='ocrx_word' id='word_1_173' title='bbox 1708 1733 1754 1791; x_wconf 89' lang='lat' dir='ltr'>cui</span> 
     </span>
     <span class='ocr_line' id='line_1_15' title="bbox 138 1821 1755 1903; baseline 0.004 -22"><span class='ocrx_word' id='word_1_174' title='bbox 138 1823 254 1901; x_wconf 74' lang='lat' dir='ltr'>Tyrius</span> <span class='ocrx_word' id='word_1_175' title='bbox 274 1844 356 1883; x_wconf 85' lang='lat' dir='ltr'>meus</span> <span class='ocrx_word' id='word_1_176' title='bbox 376 1824 563 1903; x_wconf 57' lang='lat' dir='ltr'>Apollonium</span> <span class='ocrx_word' id='word_1_177' title='bbox 578 1838 609 1884; x_wconf 88' lang='lat' dir='ltr'>tu</span> <span class='ocrx_word' id='word_1_178' title='bbox 621 1843 652 1883; x_wconf 88' lang='lat' dir='ltr'>es</span> <span class='ocrx_word' id='word_1_179' title='bbox 673 1826 811 1902; x_wconf 77' lang='lat' dir='ltr'>magister</span> <span class='ocrx_word' id='word_1_180' title='bbox 830 1828 921 1886; x_wconf 86' lang='lat' dir='ltr'>meus.</span> <span class='ocrx_word' id='word_1_181' title='bbox 968 1823 1009 1880; x_wconf 81' lang='lat' dir='ltr'>sit</span> <span class='ocrx_word' id='word_1_182' title='bbox 1021 1844 1027 1880; x_wconf 95' lang='lat'><strong>:</strong></span> <span class='ocrx_word' id='word_1_183' title='bbox 1039 1821 1221 1903; x_wconf 86' lang='lat' dir='ltr'>Theophile,</span> <span class='ocrx_word' id='word_1_184' title='bbox 1232 1836 1265 1882; x_wconf 93' lang='lat' dir='ltr'>ut</span> <span class='ocrx_word' id='word_1_185' title='bbox 1274 1825 1368 1903; x_wconf 82' lang='lat' dir='ltr'>possit</span> <span class='ocrx_word' id='word_1_186' title='bbox 1381 1823 1435 1883; x_wconf 91' lang='lat' dir='ltr'>tibi</span> <span class='ocrx_word' id='word_1_187' title='bbox 1449 1826 1578 1901; x_wconf 80' lang='lat' dir='ltr'>ignosci,</span> <span class='ocrx_word' id='word_1_188' title='bbox 1595 1828 1672 1886; x_wconf 77' lang='lat' dir='ltr'>clarc</span> <span class='ocrx_word' id='word_1_189' title='bbox 1684 1847 1755 1887; x_wconf 87' lang='lat' dir='ltr'>voce</span> 
     </span>
    </p>

    <p class='ocr_par' dir='ltr' id='par_1_6' title="bbox 105 1920 1797 2284">
     <span class='ocr_line' id='line_1_16' title="bbox 105 1920 1756 2003; baseline 0.002 -24"><span class='ocrx_word' id='word_1_190' title='bbox 105 1927 127 1963; x_wconf 73' lang='lat'>¹⁵</span> <span class='ocrx_word' id='word_1_191' title='bbox 142 1920 201 1997; x_wconf 82' lang='lat' dir='ltr'>Ego</span> <span class='ocrx_word' id='word_1_192' title='bbox 213 1941 278 1980; x_wconf 80' lang='lat' dir='ltr'>sunt</span> <span class='ocrx_word' id='word_1_193' title='bbox 291 1921 403 1999; x_wconf 87' lang='lat' dir='ltr'>conjux</span> <span class='ocrx_word' id='word_1_194' title='bbox 415 1934 482 1994; x_wconf 89' lang='lat' dir='ltr'>tua,</span> <span class='ocrx_word' id='word_1_195' title='bbox 495 1942 581 2003; x_wconf 87' lang='lat' dir='ltr'>quam</span> <span class='ocrx_word' id='word_1_196' title='bbox 592 1934 702 2000; x_wconf 80' lang='lat' dir='ltr'>apstre</span> <span class='ocrx_word' id='word_1_197' title='bbox 710 1923 858 2000; x_wconf 85' lang='lat' dir='ltr'>accepisti,</span> <span class='ocrx_word' id='word_1_198' title='bbox 871 1923 925 1981; x_wconf 80' lang='lat' dir='ltr'>hr-</span> <span class='ocrx_word' id='word_1_199' title='bbox 969 1920 1123 1998; x_wconf 82' lang='lat' dir='ltr'>responde.</span> <span class='ocrx_word' id='word_1_200' title='bbox 1137 1921 1211 1990; x_wconf 84' lang='lat' dir='ltr'>Quis</span> <span class='ocrx_word' id='word_1_201' title='bbox 1219 1920 1474 1980; x_wconf 86' lang='lat' dir='ltr'>meinterlicienda</span> <span class='ocrx_word' id='word_1_202' title='bbox 1484 1935 1512 1979; x_wconf 91' lang='lat' dir='ltr'>te</span> <span class='ocrx_word' id='word_1_203' title='bbox 1521 1921 1666 2001; x_wconf 81' lang='lat' dir='ltr'>obligavit</span> <span class='ocrx_word' id='word_1_204' title='bbox 1676 1924 1756 1985; x_wconf 80' lang='lat' dir='ltr'>sibit</span> 
     </span>
     <span class='ocr_line' id='line_1_17' title="bbox 138 2007 1797 2095; baseline 0.004 -22"><span class='ocrx_word' id='word_1_205' title='bbox 138 2015 279 2075; x_wconf 83' lang='lat' dir='ltr'>chistrato</span> <span class='ocrx_word' id='word_1_206' title='bbox 298 2035 382 2093; x_wconf 79' lang='lat' dir='ltr'>rege3</span> <span class='ocrx_word' id='word_1_207' title='bbox 401 2030 431 2076; x_wconf 88' lang='lat' dir='ltr'>tu</span> <span class='ocrx_word' id='word_1_208' title='bbox 449 2017 650 2093; x_wconf 78' lang='lat' dir='ltr'>esnaulragus</span> <span class='ocrx_word' id='word_1_209' title='bbox 677 2035 764 2095; x_wconf 85' lang='lat' dir='ltr'>quesn</span> <span class='ocrx_word' id='word_1_210' title='bbox 778 2017 923 2091; x_wconf 82' lang='lat' dir='ltr'>adamari,</span> <span class='ocrx_word' id='word_1_211' title='bbox 971 2007 1136 2092; x_wconf 81' lang='lat' dir='ltr'>Respondet</span> <span class='ocrx_word' id='word_1_212' title='bbox 1165 2014 1287 2074; x_wconf 88' lang='lat' dir='ltr'>villicus</span> <span class='ocrx_word' id='word_1_213' title='bbox 1311 2036 1318 2072; x_wconf 75' lang='grc' dir='ltr'><strong>ε</strong></span> <span class='ocrx_word' id='word_1_214' title='bbox 1348 2014 1519 2093; x_wconf 81' lang='lat' dir='ltr'>Dionysias,</span> <span class='ocrx_word' id='word_1_215' title='bbox 1539 2016 1660 2076; x_wconf 89' lang='lat' dir='ltr'>domina</span> <span class='ocrx_word' id='word_1_216' title='bbox 1684 2038 1756 2081; x_wconf 85' lang='lat' dir='ltr'>mes.</span> <span class='ocrx_word' id='word_1_217' title='bbox 1772 2041 1797 2078; x_wconf 87' lang='grc' dir='ltr'>ιι</span> 
     </span>
     <span class='ocr_line' id='line_1_18' title="bbox 138 2106 1755 2191; baseline 0.001 -19"><span class='ocrx_word' id='word_1_218' title='bbox 138 2133 293 2173; x_wconf 85' lang='lat' dir='ltr'>noncausa</span> <span class='ocrx_word' id='word_1_219' title='bbox 303 2114 449 2191; x_wconf 86' lang='lat' dir='ltr'>libidinis,</span> <span class='ocrx_word' id='word_1_220' title='bbox 462 2115 513 2173; x_wconf 89' lang='lat' dir='ltr'>sed</span> <span class='ocrx_word' id='word_1_221' title='bbox 525 2115 665 2176; x_wconf 80' lang='lat' dir='ltr'>scientiae.</span> <span class='ocrx_word' id='word_1_222' title='bbox 679 2114 720 2172; x_wconf 85' lang='lat' dir='ltr'>tti</span> <span class='ocrx_word' id='word_1_223' title='bbox 732 2133 797 2174; x_wconf 87' lang='lat' dir='ltr'>rare</span> <span class='ocrx_word' id='word_1_224' title='bbox 807 2115 867 2190; x_wconf 88' lang='lat' dir='ltr'>vir,</span> <span class='ocrx_word' id='word_1_225' title='bbox 877 2115 924 2175; x_wconf 90' lang='lat' dir='ltr'>dic</span> <span class='ocrx_word' id='word_1_226' title='bbox 968 2106 1053 2167; x_wconf 86' lang='lat' dir='ltr'>Tunc</span> <span class='ocrx_word' id='word_1_227' title='bbox 1064 2129 1166 2169; x_wconf 78' lang='lat' dir='ltr'>omnes</span> <span class='ocrx_word' id='word_1_228' title='bbox 1186 2111 1267 2169; x_wconf 77' lang='lat' dir='ltr'>cives</span> <span class='ocrx_word' id='word_1_229' title='bbox 1288 2124 1450 2189; x_wconf 84' lang='lat' dir='ltr'>rapuerunt</span> <span class='ocrx_word' id='word_1_230' title='bbox 1467 2110 1704 2187; x_wconf 79' lang='lat' dir='ltr'>Strongulionem</span> <span class='ocrx_word' id='word_1_231' title='bbox 1726 2127 1755 2172; x_wconf 90' lang='lat' dir='ltr'>et</span> 
     </span>
     <span class='ocr_line' id='line_1_19' title="bbox 140 2204 1755 2284; baseline 0.001 -18"><span class='ocrx_word' id='word_1_232' title='bbox 140 2209 190 2270; x_wconf 88' lang='lat' dir='ltr'>nbi</span> <span class='ocrx_word' id='word_1_233' title='bbox 205 2212 245 2271; x_wconf 88' lang='lat' dir='ltr'>sit</span> <span class='ocrx_word' id='word_1_234' title='bbox 258 2211 320 2270; x_wconf 81' lang='lat' dir='ltr'>lilia</span> <span class='ocrx_word' id='word_1_235' title='bbox 333 2231 407 2272; x_wconf 80' lang='lat' dir='ltr'>men.</span> <span class='ocrx_word' id='word_1_236' title='bbox 428 2208 464 2269; x_wconf 84' lang='lat' dir='ltr'>Et</span> <span class='ocrx_word' id='word_1_237' title='bbox 476 2211 604 2270; x_wconf 75' lang='lat' dir='ltr'>ostendit</span> <span class='ocrx_word' id='word_1_238' title='bbox 621 2211 649 2270; x_wconf 83' lang='lat' dir='ltr'>ei</span> <span class='ocrx_word' id='word_1_239' title='bbox 662 2211 796 2271; x_wconf 75' lang='lat' dir='ltr'>Tmiam</span> <span class='ocrx_word' id='word_1_240' title='bbox 817 2225 846 2271; x_wconf 77' lang='lat' dir='ltr'>et</span> <span class='ocrx_word' id='word_1_241' title='bbox 857 2214 900 2273; x_wconf 72' lang='lat' dir='ltr'>air</span> <span class='ocrx_word' id='word_1_242' title='bbox 915 2236 922 2271; x_wconf 88' lang='lat'>:</span> <span class='ocrx_word' id='word_1_243' title='bbox 969 2204 1228 2284; x_wconf 78' lang='lat' dir='ltr'>Dionysiadem,et</span> <span class='ocrx_word' id='word_1_244' title='bbox 1235 2219 1317 2264; x_wconf 87' lang='lat' dir='ltr'>extra</span> <span class='ocrx_word' id='word_1_245' title='bbox 1324 2207 1471 2264; x_wconf 82' lang='lat' dir='ltr'>civitatem</span> <span class='ocrx_word' id='word_1_246' title='bbox 1479 2207 1685 2284; x_wconf 82' lang='lat' dir='ltr'>lapidaverunt</span> <span class='ocrx_word' id='word_1_247' title='bbox 1695 2227 1755 2270; x_wconf 89' lang='lat' dir='ltr'>eos.</span> 
     </span>
    </p>
   </div>
   <div class='ocr_carea' id='block_1_3' title="bbox 97 2298 1798 3140">
    <p class='ocr_par' dir='ltr' id='par_1_7' title="bbox 141 2298 1756 2474">
     <span class='ocr_line' id='line_1_20' title="bbox 141 2298 1756 2387; baseline 0.007 -25"><span class='ocrx_word' id='word_1_248' title='bbox 141 2305 207 2364; x_wconf 83' lang='lat' dir='ltr'>ilaec</span> <span class='ocrx_word' id='word_1_249' title='bbox 220 2319 274 2365; x_wconf 91' lang='lat' dir='ltr'>est.</span> <span class='ocrx_word' id='word_1_250' title='bbox 290 2305 325 2364; x_wconf 86' lang='lat' dir='ltr'>Et</span> <span class='ocrx_word' id='word_1_251' title='bbox 339 2306 448 2365; x_wconf 88' lang='lat' dir='ltr'>llebant</span> <span class='ocrx_word' id='word_1_252' title='bbox 461 2326 561 2365; x_wconf 86' lang='lat' dir='ltr'>omnes</span> <span class='ocrx_word' id='word_1_253' title='bbox 577 2306 704 2365; x_wconf 83' lang='lat' dir='ltr'>invicem</span> <span class='ocrx_word' id='word_1_254' title='bbox 722 2326 783 2387; x_wconf 87' lang='lat' dir='ltr'>prae</span> <span class='ocrx_word' id='word_1_255' title='bbox 804 2307 922 2384; x_wconf 79' lang='lat' dir='ltr'>gaudio.</span> <span class='ocrx_word' id='word_1_256' title='bbox 968 2298 1004 2359; x_wconf 75' lang='grc' dir='ltr'>Εῑ</span> <span class='ocrx_word' id='word_1_257' title='bbox 1026 2321 1092 2359; x_wconf 79' lang='lat' dir='ltr'>cum</span> <span class='ocrx_word' id='word_1_258' title='bbox 1118 2301 1227 2359; x_wconf 84' lang='lat' dir='ltr'>vellent</span> <span class='ocrx_word' id='word_1_259' title='bbox 1251 2299 1447 2378; x_wconf 62' lang='lat' dir='ltr'>Theophilum</span> <span class='ocrx_word' id='word_1_260' title='bbox 1473 2300 1623 2373; x_wconf 67' lang='lat' dir='ltr'>⁰⁰⁰ld0f²2</span> <span class='ocrx_word' id='word_1_261' title='bbox 1643 2301 1756 2362; x_wconf 66' lang='lat' dir='ltr'>Tffilae</span> 
     </span>
     <span class='ocr_line' id='line_1_21' title="bbox 970 2396 1755 2474; baseline 0.005 -20"><span class='ocrx_word' id='word_1_262' title='bbox 970 2408 1152 2469; x_wconf 76' lang='lat' dir='ltr'>interventu,</span> <span class='ocrx_word' id='word_1_263' title='bbox 1179 2416 1239 2454; x_wconf 90' lang='lat' dir='ltr'>non</span> <span class='ocrx_word' id='word_1_264' title='bbox 1264 2397 1404 2471; x_wconf 74' lang='lat' dir='ltr'>tangitur.</span> <span class='ocrx_word' id='word_1_265' title='bbox 1428 2396 1476 2453; x_wconf 76' lang='lat' dir='ltr'>sit</span> <span class='ocrx_word' id='word_1_266' title='bbox 1496 2396 1575 2454; x_wconf 87' lang='lat' dir='ltr'>enim</span> <span class='ocrx_word' id='word_1_267' title='bbox 1597 2416 1606 2456; x_wconf 81' lang='lat' dir='ltr'>t</span> <span class='ocrx_word' id='word_1_268' title='bbox 1627 2396 1663 2455; x_wconf 86' lang='lat' dir='ltr'>Ni</span> <span class='ocrx_word' id='word_1_269' title='bbox 1682 2399 1755 2474; x_wconf 86' lang='lat' dir='ltr'>iste,</span> 
     </span>
    </p>

    <p class='ocr_par' dir='ltr' id='par_1_8' title="bbox 97 2471 1798 2980">
     <span class='ocr_line' id='line_1_22' title="bbox 97 2471 1798 2562; baseline 0.009 -24"><span class='ocrx_word' id='word_1_270' title='bbox 97 2471 122 2510; x_wconf 57' lang='grc' dir='ltr'>ω</span> <span class='ocrx_word' id='word_1_271' title='bbox 423 2475 515 2542; x_wconf 75' lang='lat' dir='ltr'>CAP.</span> <span class='ocrx_word' id='word_1_272' title='bbox 547 2475 636 2543; x_wconf 84' lang='lat' dir='ltr'>XLI.</span> <span class='ocrx_word' id='word_1_273' title='bbox 969 2490 1005 2549; x_wconf 87' lang='lat' dir='ltr'>ad</span> <span class='ocrx_word' id='word_1_274' title='bbox 1021 2490 1223 2551; x_wconf 83' lang='lat' dir='ltr'>obtestantium</span> <span class='ocrx_word' id='word_1_275' title='bbox 1236 2503 1265 2549; x_wconf 88' lang='lat' dir='ltr'>et</span> <span class='ocrx_word' id='word_1_276' title='bbox 1280 2490 1422 2548; x_wconf 87' lang='lat' dir='ltr'>orandum</span> <span class='ocrx_word' id='word_1_277' title='bbox 1438 2489 1549 2562; x_wconf 83' lang='lat' dir='ltr'>Deum,</span> <span class='ocrx_word' id='word_1_278' title='bbox 1570 2511 1659 2551; x_wconf 81' lang='lat' dir='ltr'>morae</span> <span class='ocrx_word' id='word_1_279' title='bbox 1675 2493 1746 2554; x_wconf 89' lang='lat' dir='ltr'>mihi</span> <span class='ocrx_word' id='word_1_280' title='bbox 1771 2515 1798 2554; x_wconf 82' lang='lat' dir='ltr'>so</span> 
     </span>
     <span class='ocr_line' id='line_1_23' title="bbox 972 2586 1756 2665; baseline 0.005 -19"><span class='ocrx_word' id='word_1_281' title='bbox 972 2588 1099 2665; x_wconf 77' lang='lat' dir='ltr'>spatium</span> <span class='ocrx_word' id='word_1_282' title='bbox 1117 2589 1281 2659; x_wconf 88' lang='lat' dir='ltr'>tribuisset,</span> <span class='ocrx_word' id='word_1_283' title='bbox 1302 2586 1378 2644; x_wconf 88' lang='lat' dir='ltr'>malo</span> <span class='ocrx_word' id='word_1_284' title='bbox 1403 2605 1449 2645; x_wconf 87' lang='lat' dir='ltr'>me</span> <span class='ocrx_word' id='word_1_285' title='bbox 1468 2600 1565 2646; x_wconf 88' lang='lat' dir='ltr'>vestra</span> <span class='ocrx_word' id='word_1_286' title='bbox 1583 2589 1675 2665; x_wconf 86' lang='lat' dir='ltr'>pietas</span> <span class='ocrx_word' id='word_1_287' title='bbox 1695 2610 1756 2650; x_wconf 90' lang='lat' dir='ltr'>non</span> 
     </span>
     <span class='ocr_line' id='line_1_24' title="bbox 968 2680 1756 2758; baseline 0.008 -18"><span class='ocrx_word' id='word_1_288' title='bbox 968 2681 1157 2742; x_wconf 79' lang='lat' dir='ltr'>defendisset.</span> <span class='ocrx_word' id='word_1_289' title='bbox 1180 2682 1290 2756; x_wconf 87' lang='lat' dir='ltr'>Quem,</span> <span class='ocrx_word' id='word_1_290' title='bbox 1308 2700 1411 2741; x_wconf 87' lang='lat' dir='ltr'>manus</span> <span class='ocrx_word' id='word_1_291' title='bbox 1420 2680 1518 2758; x_wconf 85' lang='lat' dir='ltr'>jussu,</span> <span class='ocrx_word' id='word_1_292' title='bbox 1535 2682 1620 2743; x_wconf 87' lang='lat' dir='ltr'>abire</span> <span class='ocrx_word' id='word_1_293' title='bbox 1641 2685 1756 2746; x_wconf 90' lang='lat' dir='ltr'>incolu-</span> 
     </span>
     <span class='ocr_line' id='line_1_25' title="bbox 969 2778 1755 2859; baseline 0.011 -24"><span class='ocrx_word' id='word_1_294' title='bbox 969 2797 1059 2851; x_wconf 89' lang='lat' dir='ltr'>mem,</span> <span class='ocrx_word' id='word_1_295' title='bbox 1075 2779 1183 2839; x_wconf 87' lang='lat' dir='ltr'>collata</span> <span class='ocrx_word' id='word_1_296' title='bbox 1202 2778 1349 2851; x_wconf 87' lang='lat' dir='ltr'>libertate,</span> <span class='ocrx_word' id='word_1_297' title='bbox 1369 2779 1527 2859; x_wconf 76' lang='lat' dir='ltr'>praecepit5</span> <span class='ocrx_word' id='word_1_298' title='bbox 1547 2792 1577 2838; x_wconf 85' lang='lat' dir='ltr'>et</span> <span class='ocrx_word' id='word_1_299' title='bbox 1591 2782 1755 2844; x_wconf 88' lang='lat' dir='ltr'>occisorum</span> 
     </span>
     <span class='ocr_line' id='line_1_26' title="bbox 216 2875 1755 2980; baseline 0.003 -44"><span class='ocrx_word' id='word_1_300' title='bbox 216 2923 258 2936; x_wconf 90' lang='lat'>..</span> <span class='ocrx_word' id='word_1_301' title='bbox 320 2921 360 2979; x_wconf 43' lang='grc'>,1</span> <span class='ocrx_word' id='word_1_302' title='bbox 391 2935 400 2980; x_wconf 49' lang='lat' dir='ltr'>t</span> <span class='ocrx_word' id='word_1_303' title='bbox 440 2934 471 2979; x_wconf 68' lang='lat' dir='ltr'>m</span> <span class='ocrx_word' id='word_1_304' title='bbox 557 2930 578 2979; x_wconf 60' lang='lat' dir='ltr'>n</span> <span class='ocrx_word' id='word_1_305' title='bbox 642 2920 759 2979; x_wconf 49' lang='grc' dir='ltr'>ΜΗ</span> <span class='ocrx_word' id='word_1_306' title='bbox 795 2921 814 2978; x_wconf 59' lang='lat' dir='ltr'>t.</span> <span class='ocrx_word' id='word_1_307' title='bbox 968 2876 1057 2935; x_wconf 85' lang='lat' dir='ltr'>filiam</span> <span class='ocrx_word' id='word_1_308' title='bbox 1072 2875 1297 2936; x_wconf 83' lang='lat' dir='ltr'>Philothemiam</span> <span class='ocrx_word' id='word_1_309' title='bbox 1311 2895 1408 2936; x_wconf 86' lang='lat' dir='ltr'>secum</span> <span class='ocrx_word' id='word_1_310' title='bbox 1423 2875 1527 2936; x_wconf 80' lang='lat' dir='ltr'>&#39;farsia</span> <span class='ocrx_word' id='word_1_311' title='bbox 1541 2879 1617 2939; x_wconf 87' lang='lat' dir='ltr'>tulit.</span> <span class='ocrx_word' id='word_1_312' title='bbox 1633 2880 1755 2958; x_wconf 74' lang='lat' dir='ltr'>Apollo·</span> 
     </span>
    </p>

    <p class='ocr_par' dir='ltr' id='par_1_9' title="bbox 138 2940 1795 3140">
     <span class='ocr_line' id='line_1_27' title="bbox 138 2940 1795 3050; baseline 0.004 -22"><span class='ocrx_word' id='word_1_313' title='bbox 138 2940 328 2994; x_wconf 55' lang='lat' dir='ltr'>‘mmmm&#39;</span> <span class='ocrx_word' id='word_1_314' title='bbox 363 2941 438 2980; x_wconf 63' lang='lat' dir='ltr'><strong><em>w</em></strong></span> <span class='ocrx_word' id='word_1_315' title='bbox 473 2940 554 2979; x_wconf 58' lang='lat' dir='ltr'>rom</span> <span class='ocrx_word' id='word_1_316' title='bbox 576 2941 618 2980; x_wconf 50' lang='grc' dir='ltr'>ω’</span> <span class='ocrx_word' id='word_1_317' title='bbox 669 2941 701 2980; x_wconf 70' lang='lat'>¹⁰</span> <span class='ocrx_word' id='word_1_318' title='bbox 722 2940 832 2983; x_wconf 57' lang='lat' dir='ltr'>mm</span> <span class='ocrx_word' id='word_1_319' title='bbox 852 2941 924 3033; x_wconf 45' lang='lat' dir='ltr'>yolo</span> <span class='ocrx_word' id='word_1_320' title='bbox 968 2971 1036 3030; x_wconf 88' lang='lat' dir='ltr'>nius</span> <span class='ocrx_word' id='word_1_321' title='bbox 1048 2991 1118 3030; x_wconf 86' lang='lat' dir='ltr'>vero</span> <span class='ocrx_word' id='word_1_322' title='bbox 1130 2970 1180 3029; x_wconf 93' lang='lat' dir='ltr'>dat</span> <span class='ocrx_word' id='word_1_323' title='bbox 1194 2971 1324 3031; x_wconf 78' lang='lat' dir='ltr'>laetitiam</span> <span class='ocrx_word' id='word_1_324' title='bbox 1342 2971 1465 3050; x_wconf 87' lang='lat' dir='ltr'>populo,</span> <span class='ocrx_word' id='word_1_325' title='bbox 1476 2985 1506 3031; x_wconf 89' lang='lat' dir='ltr'>et</span> <span class='ocrx_word' id='word_1_326' title='bbox 1517 2985 1607 3031; x_wconf 81' lang='lat' dir='ltr'>vovet</span> <span class='ocrx_word' id='word_1_327' title='bbox 1623 2994 1754 3035; x_wconf 78' lang='lat' dir='ltr'>munere.</span> <span class='ocrx_word' id='word_1_328' title='bbox 1770 2988 1795 3028; x_wconf 77' lang='lat' dir='ltr'>tt</span> 
     </span>
     <span class='ocr_line' id='line_1_28' title="bbox 969 3067 1756 3140; baseline 0.006 -14"><span class='ocrx_word' id='word_1_329' title='bbox 969 3067 1171 3128; x_wconf 79' lang='lat' dir='ltr'>instaurantur</span> <span class='ocrx_word' id='word_1_330' title='bbox 1184 3070 1261 3127; x_wconf 88' lang='lat' dir='ltr'>muti</span> <span class='ocrx_word' id='word_1_331' title='bbox 1281 3080 1310 3127; x_wconf 90' lang='lat' dir='ltr'>et</span> <span class='ocrx_word' id='word_1_332' title='bbox 1329 3080 1443 3140; x_wconf 86' lang='lat' dir='ltr'>turres;</span> <span class='ocrx_word' id='word_1_333' title='bbox 1458 3081 1489 3126; x_wconf 89' lang='lat' dir='ltr'>et</span> <span class='ocrx_word' id='word_1_334' title='bbox 1502 3081 1631 3128; x_wconf 87' lang='lat' dir='ltr'>moratus</span> <span class='ocrx_word' id='word_1_335' title='bbox 1647 3082 1692 3129; x_wconf 89' lang='lat' dir='ltr'>est</span> <span class='ocrx_word' id='word_1_336' title='bbox 1711 3069 1756 3131; x_wconf 92' lang='lat' dir='ltr'>ibi</span> 
     </span>
    </p>
   </div>
   <div class='ocr_carea' id='block_1_4' title="bbox 969 3164 1752 3239">
    <p class='ocr_par' dir='ltr' id='par_1_10' title="bbox 969 3164 1752 3239">
     <span class='ocr_line' id='line_1_29' title="bbox 969 3164 1752 3239; baseline 0.001 -15"><span class='ocrx_word' id='word_1_337' title='bbox 969 3184 1021 3224; x_wconf 90' lang='lat' dir='ltr'>sex</span> <span class='ocrx_word' id='word_1_338' title='bbox 1033 3164 1191 3225; x_wconf 87' lang='lat' dir='ltr'>mensibus.</span> <span class='ocrx_word' id='word_1_339' title='bbox 1203 3164 1316 3223; x_wconf 87' lang='lat' dir='ltr'>Deinde</span> <span class='ocrx_word' id='word_1_340' title='bbox 1328 3164 1477 3239; x_wconf 75' lang='lat' dir='ltr'>navigavit</span> <span class='ocrx_word' id='word_1_341' title='bbox 1493 3183 1559 3222; x_wconf 90' lang='lat' dir='ltr'>cnm</span> <span class='ocrx_word' id='word_1_342' title='bbox 1578 3165 1640 3224; x_wconf 91' lang='lat' dir='ltr'>suis</span> <span class='ocrx_word' id='word_1_343' title='bbox 1655 3164 1691 3224; x_wconf 86' lang='lat' dir='ltr'>ad</span> <span class='ocrx_word' id='word_1_344' title='bbox 1710 3167 1752 3225; x_wconf 93' lang='lat' dir='ltr'>ci·</span> 
     </span>
    </p>
   </div>
   <div class='ocr_carea' id='block_1_5' title="bbox 137 2631 924 2905">
    <p class='ocr_par' dir='ltr' id='par_1_11' title="bbox 137 2631 924 2905">
     <span class='ocr_line' id='line_1_30' title="bbox 175 2631 924 2711; baseline 0.003 -21"><span class='ocrx_word' id='word_1_345' title='bbox 175 2632 267 2690; x_wconf 80' lang='lat' dir='ltr'>Sonat</span> <span class='ocrx_word' id='word_1_346' title='bbox 276 2651 329 2710; x_wconf 86' lang='lat' dir='ltr'>per</span> <span class='ocrx_word' id='word_1_347' title='bbox 339 2644 428 2691; x_wconf 85' lang='lat' dir='ltr'>totam</span> <span class='ocrx_word' id='word_1_348' title='bbox 441 2631 585 2711; x_wconf 80' lang='lat' dir='ltr'>Ephesum</span> <span class='ocrx_word' id='word_1_349' title='bbox 593 2632 718 2710; x_wconf 81' lang='lat' dir='ltr'>Tyrium</span> <span class='ocrx_word' id='word_1_350' title='bbox 728 2651 824 2709; x_wconf 81' lang='lat' dir='ltr'>regens</span> <span class='ocrx_word' id='word_1_351' title='bbox 834 2634 924 2711; x_wconf 75' lang='lat' dir='ltr'>Apol-</span> 
     </span>
     <span class='ocr_line' id='line_1_31' title="bbox 137 2728 922 2806; baseline 0.004 -20"><span class='ocrx_word' id='word_1_352' title='bbox 137 2730 250 2788; x_wconf 89' lang='lat' dir='ltr'>lonium</span> <span class='ocrx_word' id='word_1_353' title='bbox 268 2747 389 2787; x_wconf 83' lang='lat' dir='ltr'>uxorem</span> <span class='ocrx_word' id='word_1_354' title='bbox 402 2748 483 2788; x_wconf 83' lang='lat' dir='ltr'>susm</span> <span class='ocrx_word' id='word_1_355' title='bbox 505 2728 709 2788; x_wconf 74' lang='lat' dir='ltr'>Archistratim</span> <span class='ocrx_word' id='word_1_356' title='bbox 731 2731 922 2806; x_wconf 85' lang='lat' dir='ltr'>cognovisse,</span> 
     </span>
     <span class='ocr_line' id='line_1_32' title="bbox 137 2824 924 2905; baseline -0.001 -19"><span class='ocrx_word' id='word_1_357' title='bbox 137 2847 222 2904; x_wconf 82' lang='lat' dir='ltr'>quom</span> <span class='ocrx_word' id='word_1_358' title='bbox 239 2826 418 2885; x_wconf 79' lang='lat' dir='ltr'>sacerdotem</span> <span class='ocrx_word' id='word_1_359' title='bbox 438 2825 497 2886; x_wconf 89' lang='lat' dir='ltr'>sibi</span> <span class='ocrx_word' id='word_1_360' title='bbox 517 2825 674 2885; x_wconf 77' lang='lat' dir='ltr'>habebunt.</span> <span class='ocrx_word' id='word_1_361' title='bbox 695 2824 742 2885; x_wconf 78' lang='lat' dir='ltr'>Fit</span> <span class='ocrx_word' id='word_1_362' title='bbox 763 2826 924 2905; x_wconf 79' lang='lat' dir='ltr'>Apollonio</span> 
     </span>
    </p>
   </div>
   <div class='ocr_carea' id='block_1_6' title="bbox 101 3016 996 3289">
    <p class='ocr_par' dir='ltr' id='par_1_12' title="bbox 101 3016 996 3289">
     <span class='ocr_line' id='line_1_33' title="bbox 101 3016 924 3098; baseline -0.001 -19"><span class='ocrx_word' id='word_1_363' title='bbox 101 3039 126 3079; x_wconf 80' lang='grc' dir='ltr'>ιι</span> <span class='ocrx_word' id='word_1_364' title='bbox 139 3019 295 3078; x_wconf 87' lang='lat' dir='ltr'>constituit</span> <span class='ocrx_word' id='word_1_365' title='bbox 308 3019 486 3097; x_wconf 75' lang='lat' dir='ltr'>sacerdotem</span> <span class='ocrx_word' id='word_1_366' title='bbox 511 3038 598 3097; x_wconf 74' lang='lat' dir='ltr'>quant</span> <span class='ocrx_word' id='word_1_367' title='bbox 623 3016 751 3078; x_wconf 85' lang='lat' dir='ltr'>habebat</span> <span class='ocrx_word' id='word_1_368' title='bbox 764 3032 830 3098; x_wconf 90' lang='lat' dir='ltr'>post</span> <span class='ocrx_word' id='word_1_369' title='bbox 848 3039 879 3078; x_wconf 89' lang='lat' dir='ltr'>se</span> <span class='ocrx_word' id='word_1_370' title='bbox 893 3039 924 3078; x_wconf 86' lang='grc' dir='ltr'>ιιι</span> 
     </span>
     <span class='ocr_line' id='line_1_34' title="bbox 140 3113 923 3194; baseline 0 -22"><span class='ocrx_word' id='word_1_371' title='bbox 140 3116 251 3194; x_wconf 89' lang='lat' dir='ltr'>templo</span> <span class='ocrx_word' id='word_1_372' title='bbox 266 3115 411 3193; x_wconf 87' lang='lat' dir='ltr'>priorem;</span> <span class='ocrx_word' id='word_1_373' title='bbox 427 3127 535 3172; x_wconf 88' lang='lat' dir='ltr'>etcum</span> <span class='ocrx_word' id='word_1_374' title='bbox 555 3113 704 3185; x_wconf 85' lang='lat' dir='ltr'>omnibus,</span> <span class='ocrx_word' id='word_1_375' title='bbox 729 3113 923 3194; x_wconf 85' lang='lat' dir='ltr'>Ephesiorum</span> 
     </span>
     <span class='ocr_line' id='line_1_35' title="bbox 138 3210 996 3289; baseline 0.006 -21"><span class='ocrx_word' id='word_1_376' title='bbox 138 3212 248 3286; x_wconf 77' lang='lat' dir='ltr'>gaudio</span> <span class='ocrx_word' id='word_1_377' title='bbox 268 3223 297 3267; x_wconf 92' lang='lat' dir='ltr'>et</span> <span class='ocrx_word' id='word_1_378' title='bbox 314 3210 467 3289; x_wconf 84' lang='lat' dir='ltr'>lacrymis,</span> <span class='ocrx_word' id='word_1_379' title='bbox 487 3228 553 3268; x_wconf 88' lang='lat' dir='ltr'>cum</span> <span class='ocrx_word' id='word_1_380' title='bbox 575 3210 681 3267; x_wconf 88' lang='lat' dir='ltr'>marito</span> <span class='ocrx_word' id='word_1_381' title='bbox 702 3222 731 3267; x_wconf 92' lang='lat' dir='ltr'>et</span> <span class='ocrx_word' id='word_1_382' title='bbox 750 3210 811 3268; x_wconf 86' lang='lat' dir='ltr'>lilia</span> <span class='ocrx_word' id='word_1_383' title='bbox 825 3222 854 3268; x_wconf 91' lang='lat' dir='ltr'>et</span> <span class='ocrx_word' id='word_1_384' title='bbox 873 3227 924 3286; x_wconf 82' lang='lat' dir='ltr'>ge·</span> <span class='ocrx_word' id='word_1_385' title='bbox 989 3259 996 3273; x_wconf 88' lang='lat'>.</span> 
     </span>
    </p>
   </div>
   <div class='ocr_carea' id='block_1_7' title="bbox 137 3258 1764 3437">
    <p class='ocr_par' dir='ltr' id='par_1_13' title="bbox 137 3258 1764 3437">
     <span class='ocr_line' id='line_1_36' title="bbox 137 3258 1764 3385; baseline 0.005 -22"><span class='ocrx_word' id='word_1_386' title='bbox 137 3327 227 3379; x_wconf 86' lang='lat' dir='ltr'>nero,</span> <span class='ocrx_word' id='word_1_387' title='bbox 252 3324 356 3365; x_wconf 78' lang='lat' dir='ltr'>navem</span> <span class='ocrx_word' id='word_1_388' title='bbox 383 3304 525 3366; x_wconf 81' lang='lat' dir='ltr'>ascendit.</span> <span class='ocrx_word' id='word_1_389' title='bbox 547 3308 583 3366; x_wconf 85' lang='lat' dir='ltr'>Et</span> <span class='ocrx_word' id='word_1_390' title='bbox 606 3305 824 3365; x_wconf 81' lang='lat' dir='ltr'>inaestimabilia</span> <span class='ocrx_word' id='word_1_391' title='bbox 848 3327 922 3385; x_wconf 89' lang='lat' dir='ltr'>pon·</span> <span class='ocrx_word' id='word_1_392' title='bbox 968 3271 1087 3318; x_wconf 53' lang='lat' dir='ltr'>mmm</span> <span class='ocrx_word' id='word_1_393' title='bbox 1098 3278 1242 3369; x_wconf 57' lang='lat' dir='ltr'>marinam</span> <span class='ocrx_word' id='word_1_394' title='bbox 1268 3258 1463 3336; x_wconf 52' lang='lat' dir='ltr'><strong>pentapohm&#39;</strong></span> <span class='ocrx_word' id='word_1_395' title='bbox 1482 3258 1697 3370; x_wconf 43' lang='lat' dir='ltr'>Ehulgoedm</span> <span class='ocrx_word' id='word_1_396' title='bbox 1716 3262 1764 3371; x_wconf 50' lang='lat' dir='ltr'>m.</span> 
     </span>
     <span class='ocr_line' id='line_1_37' title="bbox 904 3355 1757 3437; baseline -0.002 -18"><span class='ocrx_word' id='word_1_397' title='bbox 904 3407 910 3419; x_wconf 97' lang='lat'>.</span> <span class='ocrx_word' id='word_1_398' title='bbox 969 3375 1067 3432; x_wconf 83' lang='lat' dir='ltr'>regem</span> <span class='ocrx_word' id='word_1_399' title='bbox 1080 3357 1305 3417; x_wconf 80' lang='lat' dir='ltr'>Archtstratum.</span> <span class='ocrx_word' id='word_1_400' title='bbox 1321 3355 1490 3437; x_wconf 73' lang='lat' dir='ltr'>coronetur</span> <span class='ocrx_word' id='word_1_401' title='bbox 1503 3370 1626 3430; x_wconf 78' lang='lat' dir='ltr'>civitas3</span> <span class='ocrx_word' id='word_1_402' title='bbox 1642 3377 1757 3436; x_wconf 84' lang='lat' dir='ltr'>ponun-</span> 
     </span>
    </p>
   </div>
   <div class='ocr_carea' id='block_1_8' title="bbox 100 3403 1797 3626">
    <p class='ocr_par' dir='ltr' id='par_1_14' title="bbox 100 3403 1797 3626">
     <span class='ocr_line' id='line_1_38' title="bbox 138 3403 1599 3474; baseline -0.003 -8"><span class='ocrx_word' id='word_1_403' title='bbox 138 3406 207 3466; x_wconf 85' lang='lat' dir='ltr'>dera</span> <span class='ocrx_word' id='word_1_404' title='bbox 221 3406 288 3466; x_wconf 87' lang='lat' dir='ltr'>auri</span> <span class='ocrx_word' id='word_1_405' title='bbox 303 3424 401 3465; x_wconf 86' lang='lat' dir='ltr'>secum</span> <span class='ocrx_word' id='word_1_406' title='bbox 414 3404 562 3474; x_wconf 78' lang='lat' dir='ltr'>tulerunt3</span> <span class='ocrx_word' id='word_1_407' title='bbox 578 3415 607 3460; x_wconf 91' lang='lat' dir='ltr'>et</span> <span class='ocrx_word' id='word_1_408' title='bbox 620 3403 816 3462; x_wconf 80' lang='lat' dir='ltr'>valedicentes</span> <span class='ocrx_word' id='word_1_409' title='bbox 830 3424 923 3464; x_wconf 83' lang='lat' dir='ltr'>outnr·</span> <span class='ocrx_word' id='word_1_410' title='bbox 1299 3452 1305 3464; x_wconf 91' lang='lat'>.</span> <span class='ocrx_word' id='word_1_411' title='bbox 1389 3453 1396 3464; x_wconf 91' lang='lat'>.</span> <span class='ocrx_word' id='word_1_412' title='bbox 1593 3451 1599 3466; x_wconf 89' lang='lat'>.</span> 
     </span>
     <span class='ocr_line' id='line_1_39' title="bbox 100 3451 1797 3563; baseline -0.001 -2"><span class='ocrx_word' id='word_1_413' title='bbox 100 3517 125 3556; x_wconf 63' lang='grc' dir='ltr'>ιι</span> <span class='ocrx_word' id='word_1_414' title='bbox 136 3503 193 3563; x_wconf 85' lang='lat' dir='ltr'>bus</span> <span class='ocrx_word' id='word_1_415' title='bbox 216 3523 263 3562; x_wconf 87' lang='lat' dir='ltr'>coe</span> <span class='ocrx_word' id='word_1_416' title='bbox 286 3513 372 3560; x_wconf 89' lang='lat' dir='ltr'>erunt</span> <span class='ocrx_word' id='word_1_417' title='bbox 385 3501 451 3558; x_wconf 89' lang='lat' dir='ltr'>navi</span> <span class='ocrx_word' id='word_1_418' title='bbox 473 3517 532 3559; x_wconf 86' lang='lat' dir='ltr'>are.</span> <span class='ocrx_word' id='word_1_419' title='bbox 550 3497 740 3557; x_wconf 84' lang='lat' dir='ltr'>Gubernante</span> <span class='ocrx_word' id='word_1_420' title='bbox 757 3500 907 3560; x_wconf 73' lang='lat' dir='ltr'>Domino*</span> <span class='ocrx_word' id='word_1_421' title='bbox 968 3464 1016 3510; x_wconf 59' lang='lat' dir='ltr'>mr</span> <span class='ocrx_word' id='word_1_422' title='bbox 1026 3471 1148 3561; x_wconf 42' lang='grc' dir='ltr'>οἵω</span> <span class='ocrx_word' id='word_1_423' title='bbox 1167 3451 1282 3560; x_wconf 54' lang='lat' dir='ltr'>Galfflet</span> <span class='ocrx_word' id='word_1_424' title='bbox 1297 3452 1448 3561; x_wconf 51' lang='lat' dir='ltr'>mlum</span> <span class='ocrx_word' id='word_1_425' title='bbox 1460 3464 1617 3561; x_wconf 46' lang='grc' dir='ltr'>ΨΜ</span> <span class='ocrx_word' id='word_1_426' title='bbox 1630 3471 1690 3511; x_wconf 59' lang='lat' dir='ltr'>⁸¹¹ae</span> <span class='ocrx_word' id='word_1_427' title='bbox 1704 3473 1756 3514; x_wconf 62' lang='lat' dir='ltr'><em>m</em></span> <span class='ocrx_word' id='word_1_428' title='bbox 1769 3475 1797 3518; x_wconf 73' lang='lat'>⁸⁰</span> 
     </span>
     <span class='ocr_line' id='line_1_40' title="bbox 197 3518 1755 3626; baseline 0.001 -21"><span class='ocrx_word' id='word_1_429' title='bbox 197 3550 205 3577; x_wconf 88' lang='lat'>’</span> <span class='ocrx_word' id='word_1_430' title='bbox 266 3522 285 3581; x_wconf 71' lang='lat' dir='ltr'>p</span> <span class='ocrx_word' id='word_1_431' title='bbox 454 3518 472 3575; x_wconf 64' lang='lat' dir='ltr'><strong>g</strong></span> <span class='ocrx_word' id='word_1_432' title='bbox 912 3545 921 3574; x_wconf 91' lang='lat'>’</span> <span class='ocrx_word' id='word_1_433' title='bbox 969 3547 1177 3619; x_wconf 80' lang='lat' dir='ltr'>Arcbtstratus,</span> <span class='ocrx_word' id='word_1_434' title='bbox 1188 3547 1291 3606; x_wconf 80' lang='lat' dir='ltr'>videns</span> <span class='ocrx_word' id='word_1_435' title='bbox 1301 3548 1429 3605; x_wconf 86' lang='lat' dir='ltr'>lihamet</span> <span class='ocrx_word' id='word_1_436' title='bbox 1440 3561 1591 3625; x_wconf 76' lang='lat' dir='ltr'>maritum,</span> <span class='ocrx_word' id='word_1_437' title='bbox 1601 3560 1630 3606; x_wconf 89' lang='lat' dir='ltr'>et</span> <span class='ocrx_word' id='word_1_438' title='bbox 1641 3562 1755 3626; x_wconf 87' lang='lat' dir='ltr'>neptem</span> 
     </span>
    </p>
   </div>
   <div class='ocr_carea' id='block_1_9' title="bbox 134 3596 1757 3723">
    <p class='ocr_par' dir='ltr' id='par_1_15' title="bbox 134 3596 1757 3723">
     <span class='ocr_line' id='line_1_41' title="bbox 134 3596 1757 3723; baseline 0.015 -45"><span class='ocrx_word' id='word_1_439' title='bbox 134 3599 337 3676; x_wconf 57' lang='lat' dir='ltr'>lenllTl‘lm</span> <span class='ocrx_word' id='word_1_440' title='bbox 348 3596 714 3675; x_wconf 59' lang='lat' dir='ltr'>AP⁰H⁰¹¹i¹¹⁸i¹¹⁰ili¹³te¹¹¹</span> <span class='ocrx_word' id='word_1_441' title='bbox 726 3598 922 3671; x_wconf 44' lang='lat' dir='ltr'>‘immistam’</span> <span class='ocrx_word' id='word_1_442' title='bbox 969 3664 1035 3702; x_wconf 84' lang='lat' dir='ltr'>cunt</span> <span class='ocrx_word' id='word_1_443' title='bbox 1051 3646 1157 3703; x_wconf 89' lang='lat' dir='ltr'>marito</span> <span class='ocrx_word' id='word_1_444' title='bbox 1168 3646 1219 3723; x_wconf 90' lang='lat' dir='ltr'>qui</span> <span class='ocrx_word' id='word_1_445' title='bbox 1230 3658 1367 3722; x_wconf 77' lang='lat' dir='ltr'>tunquam</span> <span class='ocrx_word' id='word_1_446' title='bbox 1382 3645 1436 3703; x_wconf 84' lang='lat' dir='ltr'>lilii</span> <span class='ocrx_word' id='word_1_447' title='bbox 1448 3656 1603 3715; x_wconf 81' lang='lat' dir='ltr'>venerant3</span> <span class='ocrx_word' id='word_1_448' title='bbox 1614 3656 1643 3702; x_wconf 88' lang='lat' dir='ltr'>et</span> <span class='ocrx_word' id='word_1_449' title='bbox 1652 3645 1757 3703; x_wconf 90' lang='lat' dir='ltr'>osculo</span> 
     </span>
    </p>
   </div>
   <div class='ocr_carea' id='block_1_10' title="bbox 139 3693 1754 3913">
    <p class='ocr_par' dir='ltr' id='par_1_16' title="bbox 139 3693 1754 3913">
     <span class='ocr_line' id='line_1_42' title="bbox 139 3693 1754 3820; baseline 0.015 -66"><span class='ocrx_word' id='word_1_450' title='bbox 139 3695 190 3756; x_wconf 89' lang='lat' dir='ltr'>ubi</span> <span class='ocrx_word' id='word_1_451' title='bbox 205 3697 302 3755; x_wconf 80' lang='lat' dir='ltr'>lueret</span> <span class='ocrx_word' id='word_1_452' title='bbox 312 3693 357 3751; x_wconf 90' lang='lat' dir='ltr'>illi</span> <span class='ocrx_word' id='word_1_453' title='bbox 369 3711 491 3767; x_wconf 76' lang='lat' dir='ltr'>regnum</span> <span class='ocrx_word' id='word_1_454' title='bbox 502 3705 695 3751; x_wconf 83' lang='lat' dir='ltr'>reservatum.</span> <span class='ocrx_word' id='word_1_455' title='bbox 709 3693 745 3750; x_wconf 82' lang='lat' dir='ltr'>Et</span> <span class='ocrx_word' id='word_1_456' title='bbox 758 3696 925 3754; x_wconf 87' lang='lat' dir='ltr'>volentibus</span> <span class='ocrx_word' id='word_1_457' title='bbox 969 3758 1019 3799; x_wconf 50' lang='lat' dir='ltr'>eo,</span> <span class='ocrx_word' id='word_1_458' title='bbox 1033 3741 1157 3820; x_wconf 56' lang='lat' dir='ltr'>suscipit</span> <span class='ocrx_word' id='word_1_459' title='bbox 1184 3760 1249 3799; x_wconf 64' lang='lat' dir='ltr'>cum</span> <span class='ocrx_word' id='word_1_460' title='bbox 1263 3739 1372 3817; x_wconf 53' lang='lat' dir='ltr'>quibus</span> <span class='ocrx_word' id='word_1_461' title='bbox 1383 3739 1495 3816; x_wconf 53' lang='lat' dir='ltr'>jugiter</span> <span class='ocrx_word' id='word_1_462' title='bbox 1506 3759 1565 3797; x_wconf 66' lang='lat' dir='ltr'>uno</span> <span class='ocrx_word' id='word_1_463' title='bbox 1577 3757 1655 3796; x_wconf 59' lang='lat' dir='ltr'>,nno</span> <span class='ocrx_word' id='word_1_464' title='bbox 1670 3739 1754 3798; x_wconf 51' lang='lat' dir='ltr'>pem,</span> 
     </span>
     <span class='ocr_line' id='line_1_43' title="bbox 139 3787 1168 3913; baseline 0.009 -65"><span class='ocrx_word' id='word_1_465' title='bbox 139 3787 419 3865; x_wconf 86' lang='lat' dir='ltr'>omnibus,aecepit</span> <span class='ocrx_word' id='word_1_466' title='bbox 437 3806 568 3863; x_wconf 80' lang='lat' dir='ltr'>regnum.</span> <span class='ocrx_word' id='word_1_467' title='bbox 589 3787 700 3846; x_wconf 86' lang='lat' dir='ltr'>lleinde</span> <span class='ocrx_word' id='word_1_468' title='bbox 717 3792 848 3869; x_wconf 83' lang='lat' dir='ltr'>perrexit</span> <span class='ocrx_word' id='word_1_469' title='bbox 861 3791 924 3869; x_wconf 81' lang='lat' dir='ltr'>&#39;l&#39;y-</span> <span class='ocrx_word' id='word_1_470' title='bbox 969 3836 1123 3913; x_wconf 43' lang='lat' dir='ltr'>perdurat·</span> <span class='ocrx_word' id='word_1_471' title='bbox 1161 3789 1168 3818; x_wconf 86' lang='lat'><em>&#39;</em></span> 
     </span>
    </p>
   </div>
   <div class='ocr_carea' id='block_1_11' title="bbox 53 3882 1798 5397">
    <p class='ocr_par' dir='ltr' id='par_1_17' title="bbox 139 3882 1798 3998">
     <span class='ocr_line' id='line_1_44' title="bbox 139 3882 1798 3998; baseline 0.001 -53"><span class='ocrx_word' id='word_1_472' title='bbox 139 3907 224 3957; x_wconf 87' lang='lat' dir='ltr'>rum,</span> <span class='ocrx_word' id='word_1_473' title='bbox 239 3888 270 3944; x_wconf 93' lang='lat' dir='ltr'>in</span> <span class='ocrx_word' id='word_1_474' title='bbox 290 3886 414 3963; x_wconf 77' lang='lat' dir='ltr'>patriam</span> <span class='ocrx_word' id='word_1_475' title='bbox 437 3904 532 3955; x_wconf 90' lang='lat' dir='ltr'>suam,</span> <span class='ocrx_word' id='word_1_476' title='bbox 546 3897 575 3943; x_wconf 89' lang='lat' dir='ltr'>et</span> <span class='ocrx_word' id='word_1_477' title='bbox 594 3882 700 3960; x_wconf 78' lang='lat' dir='ltr'>gaudet</span> <span class='ocrx_word' id='word_1_478' title='bbox 723 3905 789 3944; x_wconf 91' lang='lat' dir='ltr'>cum</span> <span class='ocrx_word' id='word_1_479' title='bbox 808 3886 924 3946; x_wconf 87' lang='lat' dir='ltr'>civibus</span> <span class='ocrx_word' id='word_1_480' title='bbox 1236 3933 1319 3998; x_wconf 63' lang='lat' dir='ltr'>CM,</span> <span class='ocrx_word' id='word_1_481' title='bbox 1359 3932 1466 3997; x_wconf 74' lang='lat' dir='ltr'>XLffl</span> <span class='ocrx_word' id='word_1_482' title='bbox 1770 3930 1798 3970; x_wconf 44' lang='grc' dir='ltr'>,δ</span> 
     </span>
    </p>

    <p class='ocr_par' dir='ltr' id='par_1_18' title="bbox 99 3976 1756 4250">
     <span class='ocr_line' id='line_1_45' title="bbox 99 3976 1480 4058; baseline -0.001 -17"><span class='ocrx_word' id='word_1_483' title='bbox 99 3991 124 4032; x_wconf 72' lang='lat'>³⁵</span> <span class='ocrx_word' id='word_1_484' title='bbox 139 3984 222 4055; x_wconf 90' lang='lat' dir='ltr'>suis,</span> <span class='ocrx_word' id='word_1_485' title='bbox 238 3996 267 4039; x_wconf 95' lang='lat' dir='ltr'>et</span> <span class='ocrx_word' id='word_1_486' title='bbox 280 3979 433 4040; x_wconf 82' lang='lat' dir='ltr'>constituit</span> <span class='ocrx_word' id='word_1_487' title='bbox 447 3980 479 4039; x_wconf 93' lang='lat' dir='ltr'>in</span> <span class='ocrx_word' id='word_1_488' title='bbox 494 3980 559 4038; x_wconf 91' lang='lat' dir='ltr'>loeo</span> <span class='ocrx_word' id='word_1_489' title='bbox 580 3998 634 4038; x_wconf 91' lang='lat' dir='ltr'>suo</span> <span class='ocrx_word' id='word_1_490' title='bbox 648 3981 858 4057; x_wconf 75' lang='lat' dir='ltr'>Antinsgoram</span> <span class='ocrx_word' id='word_1_491' title='bbox 878 4001 927 4058; x_wconf 79' lang='lat' dir='ltr'>ge·</span> <span class='ocrx_word' id='word_1_492' title='bbox 1322 3983 1329 3998; x_wconf 86' lang='lat'>&#39;</span> <span class='ocrx_word' id='word_1_493' title='bbox 1472 3976 1480 3995; x_wconf 71' lang='lat'>⁶</span> 
     </span>
     <span class='ocr_line' id='line_1_46' title="bbox 139 4072 1756 4156; baseline -0.001 -21"><span class='ocrx_word' id='word_1_494' title='bbox 139 4096 243 4137; x_wconf 82' lang='lat' dir='ltr'>nerunt</span> <span class='ocrx_word' id='word_1_495' title='bbox 258 4095 354 4135; x_wconf 86' lang='lat' dir='ltr'>suum.</span> <span class='ocrx_word' id='word_1_496' title='bbox 373 4074 486 4133; x_wconf 87' lang='lat' dir='ltr'>Etcum</span> <span class='ocrx_word' id='word_1_497' title='bbox 502 4094 610 4151; x_wconf 81' lang='lat' dir='ltr'>genero</span> <span class='ocrx_word' id='word_1_498' title='bbox 628 4087 658 4131; x_wconf 91' lang='lat' dir='ltr'>et</span> <span class='ocrx_word' id='word_1_499' title='bbox 677 4076 738 4134; x_wconf 82' lang='lat' dir='ltr'>iilia</span> <span class='ocrx_word' id='word_1_500' title='bbox 757 4089 786 4133; x_wconf 92' lang='lat' dir='ltr'>et</span> <span class='ocrx_word' id='word_1_501' title='bbox 803 4076 927 4153; x_wconf 81' lang='lat' dir='ltr'>conjuge</span> <span class='ocrx_word' id='word_1_502' title='bbox 1012 4080 1081 4139; x_wconf 88' lang='lat' dir='ltr'>Post</span> <span class='ocrx_word' id='word_1_503' title='bbox 1097 4079 1169 4149; x_wconf 80' lang='lat' dir='ltr'>haec,</span> <span class='ocrx_word' id='word_1_504' title='bbox 1181 4076 1310 4156; x_wconf 78' lang='lat' dir='ltr'>perlecta</span> <span class='ocrx_word' id='word_1_505' title='bbox 1323 4087 1414 4148; x_wconf 83' lang='lat' dir='ltr'>aetate,</span> <span class='ocrx_word' id='word_1_506' title='bbox 1432 4075 1556 4132; x_wconf 87' lang='lat' dir='ltr'>moritur</span> <span class='ocrx_word' id='word_1_507' title='bbox 1572 4076 1602 4131; x_wconf 91' lang='lat' dir='ltr'>in</span> <span class='ocrx_word' id='word_1_508' title='bbox 1617 4072 1756 4134; x_wconf 88' lang='lat' dir='ltr'>manibus</span> 
     </span>
     <span class='ocr_line' id='line_1_47' title="bbox 139 4169 1756 4250; baseline 0 -20"><span class='ocrx_word' id='word_1_509' title='bbox 139 4192 211 4245; x_wconf 87' lang='lat' dir='ltr'>sna,</span> <span class='ocrx_word' id='word_1_510' title='bbox 229 4184 257 4228; x_wconf 86' lang='lat' dir='ltr'>et</span> <span class='ocrx_word' id='word_1_511' title='bbox 271 4176 336 4230; x_wconf 84' lang='lat' dir='ltr'>etim</span> <span class='ocrx_word' id='word_1_512' title='bbox 349 4170 479 4228; x_wconf 83' lang='lat' dir='ltr'>exercitu</span> <span class='ocrx_word' id='word_1_513' title='bbox 493 4169 575 4245; x_wconf 82' lang='lat' dir='ltr'>regio</span> <span class='ocrx_word' id='word_1_514' title='bbox 589 4169 743 4244; x_wconf 79' lang='lat' dir='ltr'>navigans,</span> <span class='ocrx_word' id='word_1_515' title='bbox 757 4172 839 4229; x_wconf 89' lang='lat' dir='ltr'>veuit</span> <span class='ocrx_word' id='word_1_516' title='bbox 852 4170 926 4230; x_wconf 79' lang='lat' dir='ltr'>&#39;sar-</span> <span class='ocrx_word' id='word_1_517' title='bbox 971 4197 1091 4245; x_wconf 76' lang='lat' dir='ltr'>eorum,</span> <span class='ocrx_word' id='word_1_518' title='bbox 1111 4176 1261 4233; x_wconf 84' lang='lat' dir='ltr'>dimittens</span> <span class='ocrx_word' id='word_1_519' title='bbox 1284 4172 1466 4231; x_wconf 86' lang='lat' dir='ltr'>medietatem</span> <span class='ocrx_word' id='word_1_520' title='bbox 1489 4170 1573 4247; x_wconf 79' lang='lat' dir='ltr'>regni</span> <span class='ocrx_word' id='word_1_521' title='bbox 1594 4170 1756 4250; x_wconf 77' lang='lat' dir='ltr'>Apollonio</span> 
     </span>
    </p>

    <p class='ocr_par' dir='ltr' id='par_1_19' title="bbox 53 4263 1754 4441">
     <span class='ocr_line' id='line_1_48' title="bbox 53 4263 1754 4344; baseline -0.001 -18"><span class='ocrx_word' id='word_1_522' title='bbox 53 4303 58 4314; x_wconf 84' lang='lat'><strong>·</strong></span> <span class='ocrx_word' id='word_1_523' title='bbox 139 4285 225 4340; x_wconf 83' lang='lat' dir='ltr'>sum;</span> <span class='ocrx_word' id='word_1_524' title='bbox 242 4278 271 4324; x_wconf 92' lang='lat' dir='ltr'>et</span> <span class='ocrx_word' id='word_1_525' title='bbox 291 4266 382 4343; x_wconf 88' lang='lat' dir='ltr'>jussit</span> <span class='ocrx_word' id='word_1_526' title='bbox 401 4265 498 4324; x_wconf 89' lang='lat' dir='ltr'>statim</span> <span class='ocrx_word' id='word_1_527' title='bbox 513 4263 722 4343; x_wconf 84' lang='lat' dir='ltr'>comprehendi</span> <span class='ocrx_word' id='word_1_528' title='bbox 740 4265 924 4342; x_wconf 83' lang='lat' dir='ltr'>Strongulio·</span> <span class='ocrx_word' id='word_1_529' title='bbox 971 4284 999 4329; x_wconf 84' lang='lat' dir='ltr'>et</span> <span class='ocrx_word' id='word_1_530' title='bbox 1013 4270 1193 4329; x_wconf 89' lang='lat' dir='ltr'>medietatem</span> <span class='ocrx_word' id='word_1_531' title='bbox 1212 4268 1281 4325; x_wconf 80' lang='lat' dir='ltr'>liliae</span> <span class='ocrx_word' id='word_1_532' title='bbox 1297 4286 1365 4341; x_wconf 82' lang='lat' dir='ltr'>suae.</span> <span class='ocrx_word' id='word_1_533' title='bbox 1386 4264 1439 4323; x_wconf 89' lang='lat' dir='ltr'>llis</span> <span class='ocrx_word' id='word_1_534' title='bbox 1456 4264 1595 4324; x_wconf 90' lang='lat' dir='ltr'>omnibns</span> <span class='ocrx_word' id='word_1_535' title='bbox 1613 4266 1754 4344; x_wconf 87' lang='lat' dir='ltr'>peractis,</span> 
     </span>
     <span class='ocr_line' id='line_1_49' title="bbox 140 4359 1754 4441; baseline 0 -22"><span class='ocrx_word' id='word_1_536' title='bbox 140 4369 206 4420; x_wconf 78' lang='lat' dir='ltr'>nem</span> <span class='ocrx_word' id='word_1_537' title='bbox 223 4373 252 4419; x_wconf 91' lang='lat' dir='ltr'>et</span> <span class='ocrx_word' id='word_1_538' title='bbox 271 4360 479 4437; x_wconf 84' lang='lat' dir='ltr'>Dionysiadem</span> <span class='ocrx_word' id='word_1_539' title='bbox 500 4359 654 4436; x_wconf 73' lang='lat' dir='ltr'>conjugem</span> <span class='ocrx_word' id='word_1_540' title='bbox 672 4359 747 4438; x_wconf 85' lang='lat' dir='ltr'>ejus,</span> <span class='ocrx_word' id='word_1_541' title='bbox 773 4373 802 4418; x_wconf 88' lang='lat' dir='ltr'>et</span> <span class='ocrx_word' id='word_1_542' title='bbox 818 4360 924 4419; x_wconf 88' lang='lat' dir='ltr'>adduci</span> <span class='ocrx_word' id='word_1_543' title='bbox 970 4366 1041 4424; x_wconf 90' lang='lat' dir='ltr'>dum</span> <span class='ocrx_word' id='word_1_544' title='bbox 1056 4363 1257 4423; x_wconf 87' lang='lat' dir='ltr'>deambularet</span> <span class='ocrx_word' id='word_1_545' title='bbox 1272 4359 1448 4441; x_wconf 80' lang='lat' dir='ltr'>Apollonius</span> <span class='ocrx_word' id='word_1_546' title='bbox 1460 4359 1547 4439; x_wconf 84' lang='lat' dir='ltr'>juxta</span> <span class='ocrx_word' id='word_1_547' title='bbox 1568 4378 1661 4436; x_wconf 75' lang='lat' dir='ltr'>trisse,</span> <span class='ocrx_word' id='word_1_548' title='bbox 1677 4360 1754 4419; x_wconf 83' lang='lat' dir='ltr'>vidit</span> 
     </span>
    </p>

    <p class='ocr_par' dir='ltr' id='par_1_20' title="bbox 101 4457 1797 4924">
     <span class='ocr_line' id='line_1_50' title="bbox 101 4457 1797 4543; baseline 0.002 -27"><span class='ocrx_word' id='word_1_549' title='bbox 101 4467 240 4517; x_wconf 72' lang='lat' dir='ltr'>wentam</span> <span class='ocrx_word' id='word_1_550' title='bbox 264 4457 402 4518; x_wconf 89' lang='lat' dir='ltr'>omnibus</span> <span class='ocrx_word' id='word_1_551' title='bbox 425 4458 543 4518; x_wconf 86' lang='lat' dir='ltr'>civibus</span> <span class='ocrx_word' id='word_1_552' title='bbox 567 4460 694 4521; x_wconf 86' lang='lat' dir='ltr'>vinctos.</span> <span class='ocrx_word' id='word_1_553' title='bbox 730 4458 845 4529; x_wconf 84' lang='lat' dir='ltr'>Quibus</span> <span class='ocrx_word' id='word_1_554' title='bbox 866 4481 928 4538; x_wconf 88' lang='lat' dir='ltr'>per·</span> <span class='ocrx_word' id='word_1_555' title='bbox 972 4458 1352 4543; x_wconf 82' lang='lat' dir='ltr'>piscatoremaquoluerat</span> <span class='ocrx_word' id='word_1_556' title='bbox 1367 4458 1524 4533; x_wconf 79' lang='lat' dir='ltr'>naultugus</span> <span class='ocrx_word' id='word_1_557' title='bbox 1544 4470 1713 4535; x_wconf 73' lang='lat' dir='ltr'>susceptus,</span> <span class='ocrx_word' id='word_1_558' title='bbox 1729 4471 1756 4515; x_wconf 85' lang='lat' dir='ltr'>et</span> <span class='ocrx_word' id='word_1_559' title='bbox 1769 4481 1797 4520; x_wconf 89' lang='grc' dir='ltr'>ιο</span> 
     </span>
     <span class='ocr_line' id='line_1_51' title="bbox 143 4552 1756 4639; baseline 0.001 -28"><span class='ocrx_word' id='word_1_560' title='bbox 143 4553 267 4631; x_wconf 83' lang='lat' dir='ltr'>spectis,</span> <span class='ocrx_word' id='word_1_561' title='bbox 281 4554 457 4632; x_wconf 80' lang='lat' dir='ltr'>Apollonius</span> <span class='ocrx_word' id='word_1_562' title='bbox 470 4556 512 4613; x_wconf 83' lang='lat' dir='ltr'>sit</span> <span class='ocrx_word' id='word_1_563' title='bbox 530 4578 537 4613; x_wconf 75' lang='lat' dir='ltr'>z</span> <span class='ocrx_word' id='word_1_564' title='bbox 554 4554 640 4614; x_wconf 84' lang='lat' dir='ltr'>Cives</span> <span class='ocrx_word' id='word_1_565' title='bbox 652 4554 741 4613; x_wconf 78' lang='lat' dir='ltr'>&#39;l&#39;arsi</span> <span class='ocrx_word' id='word_1_566' title='bbox 755 4552 927 4628; x_wconf 80' lang='lat' dir='ltr'>beatissimi,</span> <span class='ocrx_word' id='word_1_567' title='bbox 968 4559 1059 4639; x_wconf 78' lang='lat' dir='ltr'>jussit</span> <span class='ocrx_word' id='word_1_568' title='bbox 1079 4578 1146 4617; x_wconf 84' lang='lat' dir='ltr'>eum</span> <span class='ocrx_word' id='word_1_569' title='bbox 1171 4554 1380 4636; x_wconf 86' lang='lat' dir='ltr'>comprehendi</span> <span class='ocrx_word' id='word_1_570' title='bbox 1403 4569 1432 4613; x_wconf 86' lang='lat' dir='ltr'>et</span> <span class='ocrx_word' id='word_1_571' title='bbox 1456 4555 1492 4612; x_wconf 87' lang='lat' dir='ltr'>ad</span> <span class='ocrx_word' id='word_1_572' title='bbox 1514 4554 1653 4632; x_wconf 87' lang='lat' dir='ltr'>palatium</span> <span class='ocrx_word' id='word_1_573' title='bbox 1675 4554 1756 4614; x_wconf 89' lang='lat' dir='ltr'>duci.</span> 
     </span>
     <span class='ocr_line' id='line_1_52' title="bbox 142 4648 1754 4734; baseline -0.004 -20"><span class='ocrx_word' id='word_1_574' title='bbox 142 4649 286 4726; x_wconf 79' lang='lat' dir='ltr'>numquid</span> <span class='ocrx_word' id='word_1_575' title='bbox 301 4650 477 4728; x_wconf 74' lang='lat' dir='ltr'>Apollonius</span> <span class='ocrx_word' id='word_1_576' title='bbox 494 4650 604 4729; x_wconf 79' lang='lat' dir='ltr'>Tyrius</span> <span class='ocrx_word' id='word_1_577' title='bbox 618 4651 706 4710; x_wconf 79' lang='lat' dir='ltr'>alicui</span> <span class='ocrx_word' id='word_1_578' title='bbox 727 4662 856 4708; x_wconf 73' lang='lat' dir='ltr'>vestrum</span> <span class='ocrx_word' id='word_1_579' title='bbox 877 4669 927 4708; x_wconf 80' lang='lat' dir='ltr'>ex·</span> <span class='ocrx_word' id='word_1_580' title='bbox 972 4655 1080 4716; x_wconf 85' lang='lat' dir='ltr'>Videns</span> <span class='ocrx_word' id='word_1_581' title='bbox 1093 4654 1221 4734; x_wconf 80' lang='lat' dir='ltr'>piscator</span> <span class='ocrx_word' id='word_1_582' title='bbox 1238 4671 1269 4712; x_wconf 89' lang='lat' dir='ltr'>se</span> <span class='ocrx_word' id='word_1_583' title='bbox 1285 4652 1322 4711; x_wconf 84' lang='lat' dir='ltr'>ad</span> <span class='ocrx_word' id='word_1_584' title='bbox 1334 4651 1475 4731; x_wconf 82' lang='lat' dir='ltr'>pnlutium</span> <span class='ocrx_word' id='word_1_585' title='bbox 1487 4670 1505 4709; x_wconf 82' lang='lat' dir='ltr'><strong>a</strong></span> <span class='ocrx_word' id='word_1_586' title='bbox 1515 4649 1659 4708; x_wconf 86' lang='lat' dir='ltr'>militibus</span> <span class='ocrx_word' id='word_1_587' title='bbox 1674 4648 1754 4722; x_wconf 90' lang='lat' dir='ltr'>duci,</span> 
     </span>
     <span class='ocr_line' id='line_1_53' title="bbox 142 4744 1757 4829; baseline 0 -27"><span class='ocrx_word' id='word_1_588' title='bbox 142 4744 219 4802; x_wconf 90' lang='lat' dir='ltr'>stitit</span> <span class='ocrx_word' id='word_1_589' title='bbox 229 4745 381 4819; x_wconf 84' lang='lat' dir='ltr'>ingratus?</span> <span class='ocrx_word' id='word_1_590' title='bbox 394 4748 432 4803; x_wconf 77' lang='lat' dir='ltr'>ht</span> <span class='ocrx_word' id='word_1_591' title='bbox 445 4746 489 4804; x_wconf 91' lang='lat' dir='ltr'>illi</span> <span class='ocrx_word' id='word_1_592' title='bbox 502 4765 604 4804; x_wconf 88' lang='lat' dir='ltr'>omnes</span> <span class='ocrx_word' id='word_1_593' title='bbox 613 4766 673 4806; x_wconf 83' lang='lat' dir='ltr'>uns</span> <span class='ocrx_word' id='word_1_594' title='bbox 683 4764 754 4804; x_wconf 83' lang='lat' dir='ltr'>voce</span> <span class='ocrx_word' id='word_1_595' title='bbox 767 4744 924 4805; x_wconf 88' lang='lat' dir='ltr'>dixerunt:</span> <span class='ocrx_word' id='word_1_596' title='bbox 973 4749 1094 4829; x_wconf 88' lang='lat' dir='ltr'>putabat</span> <span class='ocrx_word' id='word_1_597' title='bbox 1106 4769 1137 4810; x_wconf 88' lang='lat' dir='ltr'>se</span> <span class='ocrx_word' id='word_1_598' title='bbox 1149 4750 1278 4808; x_wconf 87' lang='lat' dir='ltr'>occisum</span> <span class='ocrx_word' id='word_1_599' title='bbox 1290 4748 1340 4808; x_wconf 89' lang='lat' dir='ltr'>iri.</span> <span class='ocrx_word' id='word_1_600' title='bbox 1351 4747 1385 4805; x_wconf 81' lang='lat' dir='ltr'>Et</span> <span class='ocrx_word' id='word_1_601' title='bbox 1393 4746 1445 4805; x_wconf 89' lang='lat' dir='ltr'>ubi</span> <span class='ocrx_word' id='word_1_602' title='bbox 1456 4748 1607 4822; x_wconf 85' lang='lat' dir='ltr'>ingressus</span> <span class='ocrx_word' id='word_1_603' title='bbox 1619 4756 1663 4803; x_wconf 88' lang='lat' dir='ltr'>est</span> <span class='ocrx_word' id='word_1_604' title='bbox 1677 4744 1757 4822; x_wconf 85' lang='lat' dir='ltr'>pala·</span> 
     </span>
     <span class='ocr_line' id='line_1_54' title="bbox 142 4838 1755 4924; baseline -0.001 -26"><span class='ocrx_word' id='word_1_605' title='bbox 142 4839 169 4898; x_wconf 80' lang='lat' dir='ltr'>&#39;l&#39;</span> <span class='ocrx_word' id='word_1_606' title='bbox 170 4859 187 4898; x_wconf 91' lang='lat' dir='ltr'>e</span> <span class='ocrx_word' id='word_1_607' title='bbox 199 4859 296 4917; x_wconf 81' lang='lat' dir='ltr'>regem</span> <span class='ocrx_word' id='word_1_608' title='bbox 309 4855 338 4901; x_wconf 93' lang='lat' dir='ltr'>et</span> <span class='ocrx_word' id='word_1_609' title='bbox 349 4855 460 4921; x_wconf 88' lang='lat' dir='ltr'>patrem</span> <span class='ocrx_word' id='word_1_610' title='bbox 475 4843 579 4922; x_wconf 84' lang='lat' dir='ltr'>patriae</span> <span class='ocrx_word' id='word_1_611' title='bbox 599 4843 740 4903; x_wconf 85' lang='lat' dir='ltr'>diximus.</span> <span class='ocrx_word' id='word_1_612' title='bbox 756 4842 881 4922; x_wconf 85' lang='lat' dir='ltr'>Propter</span> <span class='ocrx_word' id='word_1_613' title='bbox 900 4856 928 4903; x_wconf 88' lang='lat' dir='ltr'>te</span> <span class='ocrx_word' id='word_1_614' title='bbox 974 4846 1059 4917; x_wconf 89' lang='lat' dir='ltr'>tium,</span> <span class='ocrx_word' id='word_1_615' title='bbox 1074 4844 1249 4924; x_wconf 77' lang='lat' dir='ltr'>Apollonius</span> <span class='ocrx_word' id='word_1_616' title='bbox 1261 4863 1360 4902; x_wconf 83' lang='lat' dir='ltr'>coram</span> <span class='ocrx_word' id='word_1_617' title='bbox 1375 4840 1502 4919; x_wconf 76' lang='lat' dir='ltr'>conjuge</span> <span class='ocrx_word' id='word_1_618' title='bbox 1524 4859 1577 4898; x_wconf 86' lang='lat' dir='ltr'>sun</span> <span class='ocrx_word' id='word_1_619' title='bbox 1588 4838 1679 4917; x_wconf 87' lang='lat' dir='ltr'>jussit</span> <span class='ocrx_word' id='word_1_620' title='bbox 1688 4856 1755 4898; x_wconf 89' lang='lat' dir='ltr'>eum</span> 
     </span>
    </p>

    <p class='ocr_par' dir='ltr' id='par_1_21' title="bbox 101 4926 1794 5312">
     <span class='ocr_line' id='line_1_55' title="bbox 101 4926 1794 5019; baseline -0.005 -20"><span class='ocrx_word' id='word_1_621' title='bbox 101 4962 125 4999; x_wconf 89' lang='grc' dir='ltr'>ιι</span> <span class='ocrx_word' id='word_1_622' title='bbox 144 4948 280 5015; x_wconf 89' lang='lat' dir='ltr'>optamus</span> <span class='ocrx_word' id='word_1_623' title='bbox 291 4940 367 4998; x_wconf 89' lang='lat' dir='ltr'>mori</span> <span class='ocrx_word' id='word_1_624' title='bbox 380 4938 517 5000; x_wconf 80' lang='lat' dir='ltr'>libenter.</span> <span class='ocrx_word' id='word_1_625' title='bbox 533 4939 590 5000; x_wconf 89' lang='lat' dir='ltr'>Per</span> <span class='ocrx_word' id='word_1_626' title='bbox 602 4953 630 5000; x_wconf 91' lang='lat' dir='ltr'>te</span> <span class='ocrx_word' id='word_1_627' title='bbox 639 4943 718 5001; x_wconf 87' lang='lat' dir='ltr'>enim</span> <span class='ocrx_word' id='word_1_628' title='bbox 731 4941 928 5019; x_wconf 82' lang='lat' dir='ltr'>periculosam</span> <span class='ocrx_word' id='word_1_629' title='bbox 974 4940 1099 5014; x_wconf 88' lang='lat' dir='ltr'>adduci,</span> <span class='ocrx_word' id='word_1_630' title='bbox 1112 4952 1141 4998; x_wconf 86' lang='lat' dir='ltr'>et</span> <span class='ocrx_word' id='word_1_631' title='bbox 1152 4939 1194 4998; x_wconf 89' lang='lat' dir='ltr'>sit</span> <span class='ocrx_word' id='word_1_632' title='bbox 1207 4960 1214 4996; x_wconf 86' lang='lat' dir='ltr'>t</span> <span class='ocrx_word' id='word_1_633' title='bbox 1229 4939 1354 4997; x_wconf 83' lang='lat' dir='ltr'>Domina</span> <span class='ocrx_word' id='word_1_634' title='bbox 1365 4937 1477 5014; x_wconf 77' lang='lat' dir='ltr'>regina,</span> <span class='ocrx_word' id='word_1_635' title='bbox 1488 4934 1537 4993; x_wconf 90' lang='lat' dir='ltr'>hic</span> <span class='ocrx_word' id='word_1_636' title='bbox 1546 4946 1590 4993; x_wconf 88' lang='lat' dir='ltr'>est</span> <span class='ocrx_word' id='word_1_637' title='bbox 1604 4926 1794 5014; x_wconf 58' lang='lat' dir='ltr'>paranqu.</span> 
     </span>
     <span class='ocr_line' id='line_1_56' title="bbox 146 5033 1757 5120; baseline 0.001 -31"><span class='ocrx_word' id='word_1_638' title='bbox 146 5033 250 5091; x_wconf 77' lang='lat' dir='ltr'>samem</span> <span class='ocrx_word' id='word_1_639' title='bbox 264 5034 435 5110; x_wconf 80' lang='lat' dir='ltr'>effugimus,</span> <span class='ocrx_word' id='word_1_640' title='bbox 453 5048 482 5094; x_wconf 85' lang='lat' dir='ltr'>et</span> <span class='ocrx_word' id='word_1_641' title='bbox 497 5048 621 5094; x_wconf 86' lang='lat' dir='ltr'>statuas</span> <span class='ocrx_word' id='word_1_642' title='bbox 643 5036 729 5095; x_wconf 91' lang='lat' dir='ltr'>nobis</span> <span class='ocrx_word' id='word_1_643' title='bbox 747 5049 878 5096; x_wconf 85' lang='lat' dir='ltr'>testatur.</span> <span class='ocrx_word' id='word_1_644' title='bbox 893 5036 929 5096; x_wconf 84' lang='lat' dir='ltr'>Et</span> <span class='ocrx_word' id='word_1_645' title='bbox 975 5040 1065 5120; x_wconf 68' lang='lat' dir='ltr'>phos*</span> <span class='ocrx_word' id='word_1_646' title='bbox 1083 5057 1181 5109; x_wconf 87' lang='lat' dir='ltr'>meus,</span> <span class='ocrx_word' id='word_1_647' title='bbox 1194 5037 1246 5115; x_wconf 89' lang='lat' dir='ltr'>qui</span> <span class='ocrx_word' id='word_1_648' title='bbox 1261 5035 1333 5095; x_wconf 90' lang='lat' dir='ltr'>mihi</span> <span class='ocrx_word' id='word_1_649' title='bbox 1346 5055 1430 5115; x_wconf 89' lang='lat' dir='ltr'>opem</span> <span class='ocrx_word' id='word_1_650' title='bbox 1445 5035 1587 5110; x_wconf 77' lang='lat' dir='ltr'>naufrago</span> <span class='ocrx_word' id='word_1_651' title='bbox 1597 5033 1697 5106; x_wconf 82' lang='lat' dir='ltr'>dedit3</span> <span class='ocrx_word' id='word_1_652' title='bbox 1711 5046 1757 5106; x_wconf 90' lang='lat' dir='ltr'>et,</span> 
     </span>
     <span class='ocr_line' id='line_1_57' title="bbox 145 5126 1758 5208; baseline 0 -23"><span class='ocrx_word' id='word_1_653' title='bbox 145 5130 187 5186; x_wconf 86' lang='lat' dir='ltr'>nit</span> <span class='ocrx_word' id='word_1_654' title='bbox 202 5130 393 5208; x_wconf 72' lang='lat' dir='ltr'>Apollonius:</span> <span class='ocrx_word' id='word_1_655' title='bbox 407 5133 618 5191; x_wconf 72' lang='lat' dir='ltr'>commendavi</span> <span class='ocrx_word' id='word_1_656' title='bbox 630 5133 718 5191; x_wconf 86' lang='lat' dir='ltr'>filiam</span> <span class='ocrx_word' id='word_1_657' title='bbox 729 5154 819 5194; x_wconf 85' lang='lat' dir='ltr'>mearn</span> <span class='ocrx_word' id='word_1_658' title='bbox 831 5135 932 5194; x_wconf 91' lang='lat' dir='ltr'>Stron·</span> <span class='ocrx_word' id='word_1_659' title='bbox 975 5151 1007 5197; x_wconf 92' lang='lat' dir='ltr'>ut</span> <span class='ocrx_word' id='word_1_660' title='bbox 1018 5137 1054 5196; x_wconf 90' lang='lat' dir='ltr'>nd</span> <span class='ocrx_word' id='word_1_661' title='bbox 1069 5149 1097 5194; x_wconf 90' lang='lat' dir='ltr'>te</span> <span class='ocrx_word' id='word_1_662' title='bbox 1116 5134 1265 5207; x_wconf 85' lang='lat' dir='ltr'>venirem,</span> <span class='ocrx_word' id='word_1_663' title='bbox 1280 5132 1406 5191; x_wconf 88' lang='lat' dir='ltr'>ostendit</span> <span class='ocrx_word' id='word_1_664' title='bbox 1422 5133 1488 5191; x_wconf 89' lang='lat' dir='ltr'>iter.</span> <span class='ocrx_word' id='word_1_665' title='bbox 1510 5130 1545 5188; x_wconf 83' lang='lat' dir='ltr'>Et</span> <span class='ocrx_word' id='word_1_666' title='bbox 1568 5129 1645 5188; x_wconf 86' lang='lat' dir='ltr'>dixit</span> <span class='ocrx_word' id='word_1_667' title='bbox 1665 5128 1692 5187; x_wconf 92' lang='lat' dir='ltr'>ei</span> <span class='ocrx_word' id='word_1_668' title='bbox 1707 5126 1758 5185; x_wconf 88' lang='lat' dir='ltr'>be·</span> 
     </span>
     <span class='ocr_line' id='line_1_58' title="bbox 146 5223 1756 5312; baseline 0 -31"><span class='ocrx_word' id='word_1_669' title='bbox 146 5225 261 5300; x_wconf 79' lang='lat' dir='ltr'>gulioni</span> <span class='ocrx_word' id='word_1_670' title='bbox 283 5241 312 5285; x_wconf 87' lang='lat' dir='ltr'>et</span> <span class='ocrx_word' id='word_1_671' title='bbox 328 5228 502 5306; x_wconf 80' lang='lat' dir='ltr'>Dionysiadi</span> <span class='ocrx_word' id='word_1_672' title='bbox 522 5231 607 5289; x_wconf 90' lang='lat' dir='ltr'>uxori</span> <span class='ocrx_word' id='word_1_673' title='bbox 623 5230 699 5308; x_wconf 87' lang='lat' dir='ltr'>ejus,</span> <span class='ocrx_word' id='word_1_674' title='bbox 720 5250 842 5312; x_wconf 89' lang='lat' dir='ltr'>eamque</span> <span class='ocrx_word' id='word_1_675' title='bbox 858 5233 930 5293; x_wconf 90' lang='lat' dir='ltr'>mihi</span> <span class='ocrx_word' id='word_1_676' title='bbox 976 5232 1149 5311; x_wconf 79' lang='lat' dir='ltr'>nignissime</span> <span class='ocrx_word' id='word_1_677' title='bbox 1165 5252 1172 5288; x_wconf 75' lang='grc' dir='ltr'>ι</span> <span class='ocrx_word' id='word_1_678' title='bbox 1189 5227 1302 5303; x_wconf 78' lang='lat' dir='ltr'>Vetule,</span> <span class='ocrx_word' id='word_1_679' title='bbox 1314 5247 1368 5308; x_wconf 82' lang='lat' dir='ltr'>ego</span> <span class='ocrx_word' id='word_1_680' title='bbox 1376 5247 1439 5288; x_wconf 87' lang='lat' dir='ltr'>sum</span> <span class='ocrx_word' id='word_1_681' title='bbox 1450 5227 1475 5284; x_wconf 82' lang='lat' dir='ltr'>&#39;l</span> <span class='ocrx_word' id='word_1_682' title='bbox 1477 5229 1559 5306; x_wconf 80' lang='lat' dir='ltr'>ysius</span> <span class='ocrx_word' id='word_1_683' title='bbox 1572 5223 1756 5306; x_wconf 72' lang='lat' dir='ltr'>Apollonius,</span> 
     </span>
    </p>

    <p class='ocr_par' dir='ltr' id='par_1_22' title="bbox 1624 5349 1659 5397">
     <span class='ocr_line' id='line_1_59' title="bbox 1624 5349 1659 5397; baseline -0.086 -5"><span class='ocrx_word' id='word_1_684' title='bbox 1624 5349 1659 5397; x_wconf 80' lang='grc' dir='ltr'>ιι.</span> 
     </span>
    </p>
   </div>
   <div class='ocr_carea' id='block_1_12' title="bbox 0 0 1983 5972">
    <p class='ocr_par' dir='ltr' id='par_1_23' title="bbox 0 0 1983 5972">
     <span class='ocr_line' id='line_1_60' title="bbox 0 0 1983 5972; baseline 0 0"><span class='ocrx_word' id='word_1_685' title='bbox 0 0 1983 5972; x_wconf 95' lang='lat' dir='ltr'> </span> 
     </span>
    </p>
   </div>
  </div>
 </body>
</html>
