3866 5956
703 474 1052 539 PRAEFATIUNCULA.
1451 490 1528 540 ‘ons

201 613 356 685 delectat
373 626 481 708 atque
488 624 627 685 monet.
639 612 700 681 His
709 611 802 681 adde
816 612 916 708 quod
927 608 1216 708 praestantissimo
1224 596 1391 681 omnium
1402 600 1528 683 recen·

202 737 302 806 tioris
316 736 379 805 aevi
390 749 578 832 poetarum
592 734 777 803 materiam
787 733 956 831 praebuit,
966 736 1002 804 in
1014 739 1087 830 qua
1097 734 1226 828 ingenii
1235 735 1525 806 viresexerceret.
1570 760 1574 767 ’

251 860 413 947 Etenim,
432 872 472 928 ut
486 855 582 954 apud
605 881 671 927 nos
687 856 918 954 Daphnidem
932 873 968 928 et
991 857 1143 929 Cbloam
1163 873 1379 954 exceperunt
1395 860 1525 930 Paulus

204 1008 244 1052 ac
263 979 461 1074 Virginiola
476 1022 524 1033 -
542 979 588 1049 de
606 978 754 1050 dnnella
772 994 892 1052 autem
915 994 951 1050 et
971 980 1113 1051 Lubino
1138 995 1255 1053 tacere
1271 981 1371 1052 lubet
1387 1024 1456 1068 -,
1479 983 1529 1052 sic

203 1108 249 1178 ab
269 1091 460 1203 Apollonio
474 1120 509 1175 et
534 1105 807 1194 Archistratide,
833 1119 1006 1199 tanquam
1024 1104 1070 1175 ab
1091 1129 1242 1175 avorum
1265 1106 1420 1200 legitima
1441 1132 1528 1202 qua·

204 1231 288 1301 dam
311 1231 439 1326 stirpe,
454 1228 605 1326 profecti
619 1244 705 1299 sunt
727 1242 823 1299 recta
848 1228 1011 1317 Heloisa,
1044 1229 1240 1300 abelardus
1265 1244 1301 1300 et
1325 1255 1408 1300 cum
1434 1230 1529 1299 lulla

204 1356 358 1425 amasius
374 1353 451 1449 ejus
467 1354 614 1422 nomine
635 1357 669 1422 S.
681 1378 810 1447 prena.

255 1477 366 1547 lidem
384 1477 491 1571 igitur
505 1477 567 1571 qui
593 1475 643 1545 nil
660 1474 781 1545 adbuc
803 1476 915 1570 Longi
943 1476 1124 1564 novimus,
1147 1454 1273 1572 praeter
1291 1499 1424 1550 nomen
1442 1490 1477 1545 et
1494 1476 1532 1546 li·
1633 1464 1644 1477 ’

205 1600 312 1670 brum
329 1599 453 1692 Longi,
479 1598 659 1694 Apollonii
679 1598 752 1692 jam
774 1597 998 1686 tenebimus,
1015 1599 1069 1668 sin
1100 1599 1218 1671 minus
1245 1623 1371 1669 verum
1397 1624 1530 1670 nomen

205 1736 240 1792 et
252 1722 417 1819 patriam,
432 1745 515 1791 curn
532 1735 725 1818 utrumque
741 1721 786 1790 sit
800 1718 1004 1815 ψευδώνυμον,
1024 1736 1165 1795 atcerte
1185 1720 1319 1791 librum
1335 1737 1370 1792 et
1388 1736 1532 1819 tempus

207 1846 310 1933 libri,
337 1845 471 1914 exituro
494 1868 625 1939 nempe
639 1844 755 1939 quarti
770 1858 854 1941 post
875 1844 1060 1915 Christum
1077 1860 1201 1915 natum
1212 1846 1344 1915 saeculi.
1425 1860 1428 1861 ’

255 1974 307 2039 Eo
329 1968 534 2038 latrstiorern
559 1966 769 2063 Apollonius
795 1968 996 2057 fortunam,
1013 1994 1106 2064 pene
1128 1968 1200 2038 dixi
1227 1968 1449 2065 Apollinem,
1473 1994 1532 2040 ex·

110 2084 119 2111 ²
206 2108 330 2190 pertus
345 2106 398 2161 est
413 2116 522 2186 quam
544 2090 727 2179 Aristides,
746 2090 850 2184 cujus
868 2090 1004 2175 fabulas
1019 2116 1150 2187 graecas
1164 2092 1311 2161 latinam
1328 2093 1366 2163 in
1388 2117 1533 2189 prosam

206 2214 353 2285 deduxit
376 2214 542 2301 Sisenna,
561 2212 661 2308 quod
676 2213 896 2283 carminibus
915 2214 1071 2284 vicissim
1086 2214 1218 2308 graecis,
1231 2215 1389 2286 romanis
1403 2240 1443 2285 ac
1459 2215 1531 2285 bri-

208 2338 325 2408 tannis
340 2336 480 2406 diverse
497 2336 826 2432 interpretantium,
843 2351 964 2406 ortum
983 2351 1018 2406 et
1033 2336 1163 2407 lamam
1185 2335 1297 2406 dedit.

255 2460 411 2534 Libellus
433 2485 517 2530 vero
536 2466 663 2531 Noster
672 2444 742 2557 ,ut
762 2463 884 2558 paucis
905 2460 1046 2548 finiam,
1070 2486 1115 2531 eo
1132 2462 1284 2530 maxime
1306 2474 1359 2530 tot
1375 2459 1421 2530 ab
1443 2486 1532 2556 ope-

209 2586 307 2657 ribus
322 2586 357 2656 id
368 2610 480 2681 genus
502 2586 628 2674 distat,
645 2586 745 2682 quod
771 2585 933 2657 moribus
948 2610 989 2655 ac
1014 2585 1176 2680 religioni
1196 2583 1372 2672 consulit,
1395 2582 1530 2652 nedmn

209 2706 259 2778 vei
286 2710 433 2780 minime
458 2722 604 2794 noceat;
633 2708 874 2805 graphiceque
898 2724 933 2779 et
952 2709 1112 2796 scenice,
1136 2730 1299 2777 summus
1323 2705 1369 2776 ad
1395 2706 1531 2793 imum,
1608 2738 1610 2744 s

208 2832 383 2929 prodocet
403 2858 512 2930 quam
531 2832 625 2926 juste
651 2837 746 2903 Deus
767 2833 965 2929 unicuique
993 2847 1157 2902 nostrum
1178 2830 1375 2928 provideat.
1397 2835 1533 2916 Quam·
1620 2818 1627 2828 ’

209 2956 335 3026 obrem
349 2956 487 3026 auctori
497 2956 573 3048 ejus
582 2955 786 3051 Apollonio,
799 2957 862 3052 qui
872 2981 956 3026 suos
966 2956 1042 3052 ipse
1053 2979 1155 3024 casus
1167 2954 1361 3039 enarravit,
1376 2952 1534 3023 liberum

211 3080 277 3149 luit
293 3094 401 3174 atque
420 3079 466 3149 ab
477 3079 579 3149 omni
595 3080 795 3167 temeritate
813 3079 1166 3175 solutum,·presiae
1175 3079 1210 3147 in
1235 3074 1534 3174 templollrtemi·

209 3201 264 3271 dis
287 3201 469 3298 deponere
497 3216 532 3271 et
555 3203 933 3303 proprielconsecrare
958 3200 1110 3272 alterum
1135 3226 1155 3270 e
1182 3196 1429 3269 voluminibus
1456 3220 1536 3293 quae

209 3324 309 3419 paria
324 3324 476 3393 omnino
490 3340 524 3394 et
541 3348 624 3394 vere
641 3325 782 3418 gemina
796 3323 1007 3397 confecerat.
1070 3350 1075 3357 ·

835 3609 914 3675 lll.

258 3831 444 3927 Quidquid
457 3848 509 3903 est
536 3834 571 3903 in
587 3833 694 3903 rebus
710 3833 880 3905 humanis
894 3835 1008 3906 imum
1018 3848 1053 3904 et
1066 3820 1272 3923 summam,
1291 3834 1459 3905 altissime
1474 3859 1536 3905 seu

210 3957 399 4051 dejiciatur
413 3971 474 4026 aut
495 3981 619 4026 rursus
632 3956 808 4028 evellatur
823 3958 974 4029 mortale
990 3982 1135 4053 corpus,
1154 3972 1302 4028 cunctas
1316 3957 1482 4044 demum,
1500 3959 1537 4026 in

213 4095 402 4175 utramque
433 4096 593 4177 partem,
626 4079 778 4151 sortunae
807 4078 902 4155 vices
931 4105 1045 4167 unus,
1077 4078 1254 4165 vivend0,
1291 4079 1535 4167 continuavit,

213 4201 373 4291 miscuit,
391 4200 553 4274 exhausit
567 4203 777 4299 Apollonius
793 4202 851 4273 ille
866 4217 1000 4291 noster,
1016 4227 1087 4271 suae
1107 4203 1217 4298 ipsius
1235 4200 1362 4269 labulae
1385 4201 1538 4297 scriptor

212 4325 317 4394 simul
329 4339 363 4395 et
373 4334 483 4396 actor.
496 4325 599 4414 Nam,
605 4326 754 4419 juvante
764 4328 854 4413 Deo,
865 4349 931 4395 nec
943 4323 1123 4395 alliciente
1141 4322 1213 4392 fors
1223 4335 1275 4391 est
1291 4346 1354 4391 sua
1365 4322 1539 4419 ipsiusso-

212 4448 314 4518 lertia
323 4464 359 4518 et
371 4447 500 4518 mentis
509 4448 696 4538 industria,
708 4472 896 4545 supremos
904 4449 1068 4542 attigerat
1078 4447 1250 4534 honores,
1262 4442 1539 4541 absolutamque

214 4570 437 4660 felicitatem,
465 4571 563 4641 unde
591 4597 673 4642 mox
690 4572 732 4641 in
755 4571 957 4641 lrurnillima
985 4586 1020 4640 et
1044 4569 1344 4640 aerumnosissima
1365 4593 1537 4664 quaeque,

214 4708 384 4788 tanquam
409 4694 444 4763 in
471 4693 714 4790 procellosum
729 4707 764 4765 et
779 4694 1043 4790 importuosum
1059 4716 1178 4779 mare,
1204 4690 1434 4780 deturbatus,
1451 4715 1541 4761 nun·

215 4841 325 4915 (pram
358 4842 429 4888 non
460 4816 765 4889 incontaminatus
790 4817 940 4907 exstitit,
968 4841 1089 4887 rerum
1113 4815 1344 4885 adversarum
1359 4838 1481 4911 usque
1506 4829 1541 4885 et

215 4963 298 5008 vere
324 4938 574 5011 immersabilis
589 4940 707 5017 undis,
739 4944 890 5012 Uxorem
922 4940 1055 5011 etenim
1072 4937 1282 5036 apollonius
1307 4937 1409 5007 duxit
1438 4936 1542 5007 avitis

214 5058 347 5131 editam
358 5062 500 5157 regibus
512 5063 686 5160 puellam,
698 5088 777 5161 qnae
788 5062 889 5134 illum
901 5089 943 5134 ex
954 5062 1124 5134 omnibus
1139 5061 1188 5132 ob
1203 5059 1349 5131 eximias
1366 5059 1497 5157 ingenii
1507 5073 1544 5130 et
