3932 5946
858 463 969 523 canen
992 463 1029 523 V.

144 614 183 650 νον
197 594 241 663 τῆς
252 594 292 672 ἐφ’
306 592 410 664 ἡλικίας
422 591 509 670 ῖσχύος
525 590 716 667 ἀνεσταλμένσυ
729 595 846 667 ζιθματος
858 595 921 651 ὑπο-

144 678 250 756 φαίνων,
266 684 345 750 κυνῆν
364 677 412 755 μὲν
423 683 470 749 τῆς
487 680 602 759 κεφαλῆς
616 678 789 755 ἐπικείμενος,
800 679 922 758 ἀγχίνουν

145 766 165 823 δ’
180 766 235 842 ἅμα
254 767 300 826 καλ
316 767 479 846 πολύτροπον
503 765 742 845 περισκοπούμενος
763 769 808 824 καί
826 758 879 825 οἷον
893 769 923 825 ἐκ

144 855 242 932 πληγῆς
255 877 322 921 τινος
335 854 419 932 μηρθν
432 854 560 922 σκάζοντα
573 851 724 934 παρέλκων.
767 853 924 924 Πλησιάσας

122 940 173 1009 εδῆ
186 964 229 1015 μοι
243 941 290 1000 καί
302 942 412 1022 σεσηρόε
426 964 452 999 τι
466 939 619 1016 μειδιάσας,
631 931 672 1000 Ὦ
692 939 837 1016 θαυμάσιε,
856 940 922 1021 ἔρη,

144 1025 174 1083 σθ
185 1026 211 1086 δέ
225 1029 304 1104 μόνος
316 1030 344 1086 ἐν
358 1026 459 1094 οὐδενός
472 1026 591 1109 [λόγου]
607 1027 680 1107 μέρει
691 1027 805 1086 τέθεισαι
819 1026 852 1085 τδι
866 1029 924 1086 καθ’

144 1117 227 1191 ἡμᾶς,
249 1114 320 1172 ἀλλά
342 1114 447 1171 πάντων
465 1116 520 1173 ὅσοι
534 1113 566 1183 δὴ
588 1116 636 1185 τῆν
660 1114 821 1195 Κεραλήνιυν
838 1113 924 1194 παρέ-

144 1201 257 1260 πλευσαν
282 1192 353 1259 οἶκόν
375 1224 405 1259 τε
424 1200 468 1259 τδν
491 1201 618 1281 ἡμέτερον
640 1201 856 1282 ἐπισκεψομένων
880 1201 925 1260 καί

144 1288 217 1356 δόξαν
236 1292 335 1367 γνῶναι
348 1288 396 1359 τὴν
418 1287 548 1368 ἡμετέραν
561 1291 589 1346 ἐν
604 1290 705 1368 σπουδῆ
718 1289 852 1366 θεμένων,
875 1291 924 1346 αύ-

113 1392 134 1429 te
146 1375 185 1443 τὸς
205 1376 286 1444 οότως
307 1373 440 1456 ὀλιγώρως
454 1377 585 1456 ἔσχηκας,
609 1378 646 1442 ὡς
658 1373 726 1452 μηδὲ
748 1381 824 1434 τοῦτο
843 1376 875 1446 δὴ
896 1377 926 1433 τὸ

145 1464 224 1522 κοινδν
238 1472 407 1544 προσειπεῖν,
428 1467 459 1523 έκ
479 1463 601 1543 γειτόνων
623 1464 669 1522 καί
691 1466 765 1522 ταῦτ’
790 1466 922 1524 οίκοῦντα.

145 1551 193 1611 Tot
206 1551 256 1631 γάρ
271 1574 313 1611 τοι
332 1552 431 1610 τούτων
452 1550 656 1631 beliternensi<
672 1549 775 1632 μακράν
789 1550 837 1623 τῆν
851 1550 925 1623 δίκην

146 1637 187 1696 καλ
201 1642 252 1697 τῶν
266 1638 366 1717 ὁμοίων
380 1639 542 1715 insistendae
557 1638 816 1720 stereometriam
830 1643 853 1697 θ’
868 1638 925 1714 όμα

146 1726 188 1784 καῖ
200 1731 233 1807 γῆ
243 1726 378 1802 πολεμίοις
387 1728 564 1806 ἐντυγχάνων.
607 1726 664 1798 Ttp
675 1726 756 1807 κόρην
768 1728 791 1785 δ’
800 1728 832 1798 ῆν
845 1725 925 1804 ἄγεις,

1696 478 1748 526 tit

968 616 1029 663 genu
1049 601 1182 664 pannulum
1206 598 1351 660 ostendens,¹
1367 600 1424 649 satis
1446 600 1584 663 apparebat,
1606 617 1662 666 quse
1683 605 1755 667 ipsius

971 692 1042 739 estate
1055 692 1138 751 vegeta
1152 688 1214 737 eires
1231 687 1354 747 tuissent}
1366 687 1473 749 galerum
1494 689 1518 737 in
1537 690 1616 751 cupite
1633 704 1717 753 gerens
1731 694 1756 740 et

968 775 1110 838 sapientiam
1122 789 1150 823 nc
1160 774 1291 825 versutiam
1301 774 1416 835 adspectu
1428 774 1584 824 deciaransot
1595 779 1710 838 tanquam
1724 792 1755 828 ex

969 858 1069 909 virinere
1088 859 1169 921 atiquo
1190 860 1267 907 tenaur
1283 848 1427 909 claudicans
1440 864 1493 923 post
1508 877 1534 911 se
1553 863 1659 913 tratrem.
1692 868 1755 915 cnm

969 946 1041 1009 igitur
1061 946 1091 995 ad
1114 960 1152 995 me
1174 948 1271 1009 propius
1284 948 1435 1007 accessisset,
1456 953 1481 997 et
1495 948 1581 998 minaci
1600 951 1649 1000 nris
1669 951 1754 1000 babitu

969 1033 1104 1083 subrisisset
1122 1052 1128 1077 ι
1143 1037 1164 1082 0
1177 1033 1301 1094 praestare,
1316 1034 1403 1096 inquit,
1415 1038 1441 1082 tu
1458 1048 1514 1083 vero
1530 1036 1621 1085 nuttam
1637 1038 1754 1086 rationem
1774 1062 1778 1068 ·

970 1121 1044 1171 nostri
1059 1120 1176 1180 habuisti,
1189 1120 1230 1169 sed
1242 1121 1307 1170 sotus
1322 1134 1353 1170 οι
1367 1121 1495 1183 omnibus,
1512 1124 1650 1186 qrricunque
1663 1125 1755 1187 cepin-

971 1209 1042 1258 tenen
1057 1208 1288 1272 pruternasigarnnt
1307 1211 1332 1258 et
1352 1211 1458 1258 nostram
1478 1208 1577 1259 domum
1598 1212 1755 1274 conternptati

970 1300 1036 1358 sunt,
1057 1298 1206 1359 gioriamque
1220 1299 1327 1346 nostram
1343 1309 1486 1359 cognoscere
1500 1299 1579 1359 magni
1594 1301 1754 1358 aestimarunt,

970 1385 1030 1435 adeo
1042 1398 1086 1434 nos
1100 1384 1260 1445 contemsisti‚
1276 1388 1304 1434 nt
1324 1398 1410 1446 nenne,
1425 1385 1489 1447 qnod
1505 1387 1605 1448 strigare
1622 1390 1671 1447 est,
1691 1388 1755 1436 sairr-

970 1473 1074 1534 taeeris,
1091 1473 1223 1535 praesertim
1235 1473 1260 1521 in
1279 1472 1365 1521 ricinia
1377 1472 1532 1522 habitantem.
1567 1480 1601 1524 Ac
1618 1477 1643 1523 tu
1657 1474 1755 1537 quidem

971 1560 1059 1610 borum
1070 1573 1118 1610 non
1131 1561 1208 1610 inuito
1220 1563 1274 1622 post
1287 1560 1338 1610 ines
1351 1573 1434 1623 poenns
1445 1564 1470 1610 et
1483 1561 1571 1612 senties
1582 1562 1677 1612 eosdem
1685 1575 1757 1611 casus

972 1652 996 1699 et
1005 1649 1162 1708 catamitates,
1172 1661 1231 1711 quas
1239 1661 1284 1711 ego
1292 1660 1347 1697 aum
1357 1650 1487 1711 expertus,
1501 1649 1561 1698 arari
1571 1662 1600 1699 ac
1610 1651 1674 1699 terra
1685 1650 1756 1698 simut

971 1737 996 1785 in
1009 1737 1089 1786 bostes
1102 1736 1216 1786 incidens.
1250 1735 1372 1799 virginem
1386 1749 1445 1785 sero
1456 1749 1530 1797 qnam
1542 1735 1611 1787 ducis
1623 1751 1683 1787 mem
1698 1751 1757 1786 con·

112 1829 133 1868 ts
146 1813 215 1894 παρά
228 1820 274 1886 τῆς
288 1818 354 1891 ἐμῆς
371 1819 488 1892 γαμετῆς
501 1815 646 1894 πρόσειπε,
671 1815 772 1894 χαίρειν
788 1814 839 1895 γὰρ
859 1816 926 1894 αὐτῇ
969 1824 1032 1886 jugia
1053 1826 1150 1873 nomiae
1168 1824 1299 1885 aiioqners.
1332 1824 1426 1873 sainten
1446 1822 1529 1884 iilam,
1550 1823 1616 1887 qrrod
1641 1825 1758 1887 imprimis

146 1923 223 1980 φησι,
239 1902 306 1961 διότι
320 1902 425 1960 πάντων
444 1901 598 1981 ἐπίπροσθεν
620 1902 678 1980 άγει
696 1900 743 1971 τὴν
758 1899 926 1981 σωρροσύνην

146 1987 188 2046 καλ
201 1988 272 2056 τέλος
288 1989 354 2066 αὐτῇ
370 1988 451 2057 δεξιὸν
467 1989 670 2067 εὐαγγελίζεται.
713 1988 863 2063 Ἀνηλάμην
877 1987 927 2046 ὑπὸ

146 2079 189 2147 τῆς
202 2076 283 2157 &beon
298 2077 470 2154 παλλόμενος
493 2078 537 2136 καί
551 2082 597 2135 τοῦ
615 2075 780 2153 Θεαγένους,
797 2076 815 2135 ό
832 2100 857 2133 τι
875 2074 927 2134 πί-

145 2168 239 2238 πονθα,
255 2164 394 2244 ἐρομένου,
406 2165 505 2244 Τάχα,
528 2163 609 2245 ἐρην,
631 2163 783 2243 όνθίσθημεν
798 2168 844 2234 τῆς
865 2165 927 2221 ἀνα-

111 2266 135 2307 to
146 2254 228 2326 γωγῆς
242 2252 288 2310 καί
301 2251 480 2331 τεθορύάημαι
502 2251 649 2331 άρυπνίσας
664 2251 727 2331 πρὸς
748 2250 795 2322 τῆν
816 2250 925 2311 ἔννοιαν.

148 2336 212 2395 Ἀλλ’
226 2338 303 2403 αὐτός
325 2338 349 2395 τ’
364 2338 461 2397 ἀνίατοι
485 2340 530 2396 καὶ
550 2337 583 2397 τδι
602 2336 664 2396 όντα
685 2337 859 2408 συσκευάζου,
880 2334 928 2408 τῆν

148 2426 304 2504 Χαρίκλειάν
317 2425 340 2482 τ’
349 2426 402 2501 ἐγὼ
412 2427 611 2504 μετελεύσομαι.
655 2428 748 2505 Παρῆν
761 2429 777 2496 ἠ
789 2426 850 2490 παῖς
863 2425 927 2499 ἐμοῦ

150 2517 217 2571 τοῦτο
235 2512 411 2592 σημήναντος.
446 2513 500 2574 Καί
521 2518 535 2572 ό
552 2516 687 2594 Τυρρηνὸς
706 2512 857 2589 αἰσθόμενος
873 2514 928 2569 δια·

20 2656 21 2671 γ
146 2598 286 2677 ιε’στη,καῖ
300 2599 330 2658 τδ
343 2598 494 2678 γιγνόμενον
507 2601 674 2661 ἐπυνθάνετο.
719 2598 817 2677 Κάγὼ,
830 2599 868 2658 Τὸ
880 2597 927 2674 μὲν

20 2756 21 2759 γ
113 2687 295 2766 εεγιγιόμενον
310 2686 506 2765 ἐστιν,όλεγον,
519 2691 536 2757 ἡ
549 2685 742 2762 σῆσυμῦσυλή.
785 2687 928 2765 Διαδρῦναι

146 2775 294 2854 πειρώμεθα
302 2774 590 2842 τοθςέπιῦουλεύοντας.
633 2772 672 2833 Σίν
681 2775 703 2831 δ’
715 2774 791 2839 αύτές
799 2795 827 2830 τε
837 2771 929 2841 σύιζοιο

147 2861 207 2940 πρὸς
220 2867 271 2922 τῶν
287 2866 366 2938 θεῶν,
389 2864 489 2942 ἀνδρῶν
505 2863 638 2940 βέλτιστος
651 2861 714 2940 περλ
726 2864 796 2937 ἡμᾶς
818 2882 929 2937 γεγενη-

147 2948 219 3023 μένος
228 2950 276 3009 καλ
290 2949 368 3022 τόνδε
377 2948 609 3009 δίδουτελευταίαν
617 2948 704 3028 χάριν·
716 2953 761 3006 θῦε
771 2946 930 3013 διαπλεύσας

146 3036 179 3103 εἷς
192 3036 299 3109 Ἰθάκην
310 3036 375 3116 θπίρ
394 3039 471 3112 ἡμῶν
485 3036 611 3097 Ὀδυσσεῖ
625 3037 670 3094 καί
685 3035 751 3093 αἴτει
764 3039 810 3105 τῆς
825 3035 930 3110 μήνιδος

111 3139 136 3179 ου
148 3125 242 3185 ἀνεῖναι
252 3129 304 3197 τῆς
316 3125 376 3184 καθ’
388 3128 463 3200 ἡμῶν
474 3168 484 3195 ,
496 3124 529 3196 ῆν
542 3127 700 3202 ἀγανακτεῖν
711 3125 746 3188 ὥς
759 3121 930 3201 παρεωραμέ-

146 3233 186 3278 νος
198 3213 275 3285 τῆςδί
284 3236 329 3289 μοι
338 3216 385 3283 τῆς
396 3211 486 3277 νυκτός
500 3210 631 3288 ἐπιφανείς
643 3209 820 3289 ἐξηγόρευσεν.
863 3209 929 3268 Ἐπ-

146 3297 288 3377 ηγγίλλετο
300 3299 420 3371 ποιήσειν
434 3298 562 3358 οὕτωκαὶ
580 3297 642 3377 ἄχρι
654 3301 701 3366 τῆς
716 3295 777 3361 νεὼς
788 3294 931 3374 παρέπεμ-

147 3382 390 3467 enimtestamento
403 3410 431 3444 τε
445 3388 556 3444 πλεῖστα
568 3386 613 3444 καί
627 3385 671 3443 τθν
687 3385 766 3441 πλοῦν
779 3384 843 3459 ἡμῖν
859 3382 930 3453 ἀπῆ-

149 3476 347 3555 θθναγῑνίσθῦ*
367 3475 413 3534 καί
436 3474 505 3534 κᾶῐθ
524 3479 581 3533 *οὖν
607 3471 789 3552 ἐπευχόμενος.
833 3470 872 3531 Ὑί
893 3474 932 3530 δεῖ
976 3489 1049 3537 animi
1066 3490 1183 3539 sententia
1194 3488 1333 3539 aescenderet
1347 3502 1362 3537 a
1375 3488 1421 3538 deo
1432 3489 1570 3552 deprecans.
1604 3488 1762 3545 Quidmuttis

113 3563 297 3637 tannebrunne
326 3563 459 3643 ἐνοχλεῖνς
480 3562 539 3641 όρτι
568 3561 706 3642 ρωσρόροο
735 3561 931 3639 διαλάμψαντος

149 3652 315 3730 ἀνηγόμεθα,
337 3649 423 3710 πολλδι
436 3649 483 3725 μέν
496 3653 551 3707 τῶν
559 3651 659 3707 ναυτῶν
671 3648 719 3719 τῆν
733 3648 839 3728 πρώτην
853 3650 930 3706 ἐναν-

149 3741 297 3817 τιουμένων,
318 3738 393 3805 τίλας
415 3736 443 3796 δέ
464 3737 529 3817 πρθς
553 3741 599 3796 τοῦ
624 3735 721 3814 Τυρίου
745 3741 790 3795 τοῦ
815 3737 931 3816 ἐμπόρου

149 3828 320 3897 πεισθέντων,
337 3824 481 3907 ληστρικῆν
496 3824 732 3906 προαγορεοθεῖσαν
746 3823 836 3903 ἐροδον
848 3826 930 3881 διαδι-

150 3912 269 3990 δράσκειν
283 3912 409 3980 εἰπόντος.
454 3914 536 3973 Καλδ
557 3912 605 3988 μέν
620 3912 744 3971 ἐλάνθανε
767 3912 801 3969 τὰ
815 3910 877 3969 όντα
896 3915 931 3978 ύνς

113 4019 138 4059 tu
150 4000 259 4078 πλάσμα
270 4000 366 4078 λέγων.
409 3999 504 4072 ’ίίμεῖς
523 3999 550 4058 δὲ
563 3998 695 4076 πνεύμασι
714 3998 807 4071 βιαίοις
824 3999 930 4076 χρησά-

972 1913 1036 1961 cotat
1048 1914 1072 1961 et
1085 1913 1198 1961 omnibns
1212 1911 1284 1960 rebus
1293 1912 1411 1961 anteierat
1422 1912 1571 1973 castitatem,
1587 1912 1708 1975 senemque
1724 1914 1757 1963 itti

972 2008 1112 2062 prosperum
1131 2014 1159 2048 ac
1176 2000 1268 2048 teiieem
1284 2001 1419 2048 annuntiat.
1453 2000 1562 2061 Proripui
1578 2013 1631 2061 me,
1652 2014 1701 2063 prm
1720 2002 1757 2049 ni·

971 2088 1038 2136 sisne
1049 2089 1156 2136 tremens
1168 2089 1192 2135 et
1204 2087 1340 2149 Timagene,
1349 2087 1465 2149 quidnam
1475 2087 1533 2136 mibi
1543 2088 1678 2147 accidisset,
1690 2101 1757 2149 qram-

973 2178 1055 2236 rente‚
1073 2174 1264 2238 Propemodum,
1284 2174 1432 2237 inquiebam,
1452 2176 1547 2223 exitum
1568 2175 1637 2223 navis
1653 2188 1666 2222 e
1685 2178 1754 2236 portu

973 2262 1121 2325 negleximus
1132 2265 1156 2311 et
1165 2262 1330 2324 expergiscens
1339 2275 1367 2310 ea
1376 2262 1518 2324 cogitatione
1527 2274 1580 2310 sum
1594 2261 1757 2325 perturbatus.

973 2350 1020 2399 Sed
1031 2352 1055 2398 et
1067 2351 1117 2411 ipae
1130 2362 1209 2410 nrrge,
1225 2362 1254 2397 ac
1272 2351 1326 2398 tuas
1340 2362 1377 2398 res
1391 2349 1475 2411 οοΙΙῖςςο
1490 2369 1496 2398 :
1512 2349 1662 2398 ctraricteam
1676 2354 1757 2399 autem

974 2451 1019 2499 ego
1032 2452 1161 2486 accersam.
1194 2435 1427 2495 ποιούμεθασοπη
1442 2435 1619 2498 significassem.
1652 2437 1757 2499 Tyrrbe·

974 2539 1019 2574 nne
1031 2539 1129 2588 ‹puonue
1146 2537 1201 2573 cum
1214 2524 1335 2584 suasisset,
1346 2525 1452 2573 sirrrexit
1463 2527 1488 2573 et
1503 2522 1538 2573 de'
1547 2537 1591 2585 eo,
1603 2522 1669 2586 qnod
1682 2526 1758 2584 tieret,

974 2612 1120 2675 inquirebat.
1153 2615 1184 2665 tt
1193 2626 1247 2674 ego,
1259 2611 1285 2661 td
1295 2611 1360 2674 quon
1372 2611 1397 2665 in
1410 2610 1536 2674 praesentia
1546 2610 1582 2671 iit,
1597 2613 1667 2661 tuum
1680 2613 1758 2662 consi·

974 2701 1033 2751 itum
1040 2703 1086 2762 est,
1097 2700 1331 2762 dicebamzett'ugere
1340 2712 1456 2748 conamur
1468 2698 1624 2749 insidiatores.
1658 2703 1692 2750 Te
1702 2715 1759 2749 sero

973 2789 1006 2838 dii
1017 2790 1110 2839 satrnrn
1123 2792 1147 2838 et
1158 2790 1302 2840 incolumem
1317 2788 1468 2846 conservent,
1478 2787 1519 2851 qni
1528 2787 1612 2849 optimi
1622 2788 1666 2836 riri
1678 2789 1759 2838 officio

975 2891 1029 2938 erga
1039 2890 1084 2926 nos
1097 2877 1194 2927 nanctus
1206 2891 1239 2926 es.
1275 2879 1342 2926 Hane
1358 2877 1440 2925 autern
1456 2874 1488 2923 da
1499 2874 1569 2923 nobis
1582 2874 1691 2924 nltimam
1706 2889 1760 2938 gra-

974 2965 1033 3014 tiam
1051 2985 1056 3013 ι
1069 2964 1236 3013 transmittens
1248 2965 1271 3013 in
1287 2965 1407 3023 ithacam,
1425 2960 1532 3012 sacrifica
1546 2961 1669 3024 pronubis
1680 2964 1759 3025 Utyssi

974 3056 999 3102 et
1008 3054 1063 3115 pete
1075 3057 1101 3101 ut
1113 3053 1173 3101 iruna
1189 3065 1258 3101 sunm
1276 3065 1331 3113 erga
1343 3064 1386 3100 nos
1400 3050 1491 3113 mitiget
1503 3063 1551 3113 qnia
1566 3064 1592 3100 se
1610 3053 1759 3100 commotum

975 3153 1042 3200 esse,
1062 3147 1177 3203 tanquam
1196 3143 1304 3203 spretum
1319 3141 1344 3189 et
1365 3140 1545 3201 contemptum,
1559 3151 1616 3187 curu
1629 3137 1696 3188 nobis
1716 3139 1761 3187 bac

975 3229 1046 3276 noete
1062 3226 1226 3289 apparuisset,
1241 3225 1391 3288 significavit.
1424 3225 1583 3276 immittebat
1595 3239 1622 3275 se
1638 3225 1670 3274 ita
1684 3226 1760 3274 tuctu·

976 3326 1030 3362 rum
1039 3327 1090 3364 ensa
1100 3316 1124 3364 et
1133 3327 1211 3377 usnne
1220 3312 1251 3363 sd
1260 3327 1347 3364 narem
1358 3312 1502 3375 deducebat,
1512 3326 1624 3375 magnam
1633 3314 1682 3362 rim
1692 3313 1761 3363 iscri-

976 3414 1070 3450 marnm
1088 3400 1235 3464 profundens
1252 3394 1279 3452 εί
1292 3404 1320 3451 ut
1336 3401 1406 3451 nobis
1424 3401 1545 3464 navigatio
1566 3400 1666 3451 ieticiter
1688 3404 1712 3450 et
1730 3415 1761 3451 ex

975 3589 1036 3639 opus
1046 3580 1102 3626 estc
1117 3580 1177 3627 curn
1190 3577 1295 3640 primum
1307 3576 1390 3626 inciter
1407 3577 1534 3635 itiuxisset,
1549 3576 1574 3626 in
1586 3575 1663 3625 altum
1678 3588 1762 3638 prore-

979 3665 1103 3728 bebamur,
1115 3667 1182 3715 initio
1189 3666 1288 3728 quidem
1304 3666 1384 3715 nantis
1393 3679 1537 3729 magnopere
1546 3662 1763 3714 contradicentibus

976 3754 1006 3803 ad
1019 3758 1154 3805 extremum
1167 3757 1248 3803 autem
1264 3754 1359 3817 a'l'yrio
1370 3757 1504 3803 mercatore
1519 3752 1648 3821 persuasis,
1658 3763 1724 3808 cum,
1736 3763 1762 3797 se

978 3843 1060 3906 ingere
1079 3842 1211 3892 adventum
1229 3842 1360 3904 piratarum
1381 3841 1425 3890 sibi
1438 3838 1641 3903 praenuntiatum,
1656 3835 1762 3883 dixisset.

977 3935 1006 3981 et
1019 3932 1088 3981 ῖΙΙυπι
1099 3930 1197 3994 quidem
1210 3929 1307 3989 istebat,
1318 3927 1384 3990 qnod
1396 3941 1453 3976 vera
1464 3926 1563 3983 diceret,
1576 3936 1632 3971 cum
1648 3920 1762 3982 figmento

977 4021 1012 4069 nti
1027 4020 1146 4071 interisset.
1178 4021 1227 4068 Nos
1239 4020 1320 4067 aretem
1333 4015 1411 4065 sentis
1423 4011 1533 4063 nolentis
1548 4012 1599 4069 ersi,
1614 4012 1639 4059 et
1657 4010 1762 4070 tempes-

151 4109 236 4164 i‘it0t,
254 4088 335 4161 ίᾶλη(
356 4090 380 4145 τ’
395 4086 569 4167 dimitti&
586 4087 632 4145 eat
649 4086 778 4151 Χλίδωνος
797 4084 934 4165 &timu
976 4109 1051 4156 tutem
1061 4107 1172 4156 intestam
1182 4107 1206 4153 et
1216 4104 1303 4152 tinctus
1315 4100 1448 4151 horrendos
1457 4096 1548 4161 experti
1563 4099 1587 4146 et
1597 4111 1626 4145 co
1638 4108 1761 4159 propemo-

150 4175 325 4253 πειραθέντες,
342 4173 485 4232 ἀπολέσθαι
500 4195 527 4231 τε
543 4174 617 4254 παρὰ
638 4174 729 4256 μικρὸν
750 4172 881 4245 ἐλθόντες,
897 4174 932 4236 είς

151 4258 231 4338 ἀκρον
244 4261 302 4320 τινὰ
317 4260 452 4341 Κρητικὴν
474 4261 706 4341 προσωκείλαμεν,
721 4263 772 4318 τῶν
794 4281 822 4317 τε
842 4260 930 4327 πηδα-

151 4347 211 4408 λίων
224 4349 330 4427 θάτερον
346 4347 524 4415 ἀπούαλόντες
536 4348 581 4407 καῖ
595 4352 641 4420 τῆς
652 4348 757 4426 κεραίας
769 4346 799 4403 τὸ
809 4348 931 4403 πλεῖστον

114 4454 139 4494 ts
151 4438 342 4518 συντρίψαντες.
384 4435 488 4497 Ἐδόκει
511 4426 556 4495 σύν
578 4438 717 4505 ἐπισκευῆς
738 4456 767 4490 τε
787 4435 862 4491 ἕνεκα
886 4437 932 4503 τῆς

150 4522 257 4591 ὁλκάδος
279 4525 324 4584 καὶ
348 4527 424 4601 ἡμῶν
448 4526 533 4583 αὐτῶν
555 4524 726 4603 ἀναλήψεως,
741 4518 844 4598 ἡμέρας
860 4520 932 4587 τινάς

151 4610 280 4682 ἐπιμεῖναι
292 4616 318 4671 ἐν
335 4617 368 4692 τῆ
384 4612 466 4692 νήσῳ.
508 4611 563 4671 Καί
576 4611 674 4669 τούτοιν
689 4608 757 4668 οθτω
770 4607 931 4683 γενομένων,

151 4697 165 4749 δ
179 4697 257 4764 πλοῦς
271 4704 333 4776 ἡμῖν
346 4692 417 4767 αὖθις
434 4698 633 4780 παρηγγέλλετο
646 4695 754 4777 πρώτην
771 4693 871 4773 ἡμέραν
886 4719 932 4765 της

150 4783 261 4857 σελήνης
281 4786 348 4865 μετά
365 4787 414 4860 τῆν
428 4787 493 4868 πρδς
506 4788 581 4860 ῆλεον
599 4785 704 4845 σύνοδον
721 4784 930 4860 ἐπιλαμπούσης.

113 4888 137 4928 ου
151 4870 203 4931 Καί
226 4875 380 4955 ἀναχθέντες
407 4877 458 4949 ἤδη
482 4876 598 4956 ζερύριον
625 4877 734 4954 ἐαρινῶν
762 4871 931 4950 ύπηχούντων

150 4959 306 5039 ἐφερόμεθα,
319 4963 402 5023 νύκτα
416 4987 444 5024 τε
458 4965 504 5023 καλ
518 4964 620 5043 ἡμέραν
633 4963 676 5021 tri
695 4962 742 5032 τῆν
764 4960 869 5021 Λιύύων
883 4965 931 5038 γῆν

150 5051 193 5104 τοῦ
201 5049 359 5131 κυθιρνήτου
370 5051 417 5125 τῆν
427 5053 527 5112 όλκάδα
537 5056 769 5131 χειραγωγοῦντος.
812 5045 931 5127 Ἔφασκε

149 5132 199 5214 rip
212 5139 361 5217 ἐνδέχεσθαι
377 5139 424 5216 μίν
439 5139 583 5206 εὖθυόολως
597 5137 642 5196 καλ
657 5137 774 5215 διαμπὰξ
789 5141 931 5215 περαιωθῆ-

152 5245 190 5280 ναι
200 5224 228 5282 ab
240 5226 354 5304 πέλαγος
364 5232 408 5285 τοῦ
421 5226 568 5303 πνεύματος
581 5224 769 5303 ἐπιτρέποντος,
783 5223 930 5299 ἐπείγεσθαι
952 5280 958 5297 γ

976 4201 1035 4248 dum
1050 4203 1134 4250 utnon
1146 4197 1272 4262 procutab
1287 4196 1383 4245 interitu
1393 4194 1530 4243 abessemns
1545 4189 1719 4253 pervenientes,
1732 4190 1761 4236 ad

978 4292 1170 4356 promontorium
1182 4288 1303 4353 quoddam
1315 4288 1437 4337 creticum
1450 4284 1594 4348 appulimus,
1607 4283 1683 4331 attero
1693 4281 1762 4329 ctare

976 4387 1063 4435 amissa
1072 4390 1097 4436 et
1110 4385 1214 4434 maxima
1225 4386 1292 4446 parte
1301 4386 1460 4430 antennarum
1470 4377 1600 4426 contracta.
1632 4374 1718 4423 visum
1727 4379 1763 4422 est

978 4482 1058 4544 igitur,
1075 4479 1209 4530 reficiendae
1217 4476 1285 4528 naris
1296 4487 1369 4526 causa
1377 4475 1403 4523 et
1411 4474 1521 4522 nostrum
1532 4470 1639 4532 ipsorum
1654 4479 1763 4516 recrean-

977 4577 1080 4635 darum,
1100 4575 1152 4623 dies
1173 4573 1266 4634 aliquot
1287 4571 1311 4619 ia
1333 4566 1411 4617 insuta
1431 4563 1584 4615 commorari.
1618 4564 1651 4612 nt
1672 4561 1709 4610 bia
1730 4562 1764 4610 ita

901 4698 918 4713 a
976 4669 1055 4730 factis,
1070 4666 1189 4728 navigatio
1205 4663 1275 4713 nobis
1290 4662 1377 4711 iterum
1391 4656 1589 4716 denuntiabatur,
1605 4654 1646 4704 ubi
1657 4654 1763 4717 primum

978 4766 1046 4822 tuna,
1056 4751 1438 4823 postconJunotionemcumaote,
1448 4751 1533 4800 iterum
1544 4750 1700 4812 apparuisset.
1733 4749 1768 4796 Et.

978 4856 1076 4919 protecti
1095 4856 1119 4903 in
1134 4854 1227 4911 sitnm,
1241 4846 1388 4911 spirantibus
1401 4845 1451 4905 iana
1463 4843 1580 4906 zephyris
1591 4841 1685 4902 vernis,
1700 4841 1762 4889 tere·
1803 4876 1807 4887 .

978 4951 1064 4999 ίνοιπυτ
1081 4947 1144 4997 δίεπε
1164 4948 1190 4997 et
1210 4946 1324 5005 noctem,
1341 4940 1500 5003 gubernatore.
1519 4936 1549 4985 ari
1572 4935 1767 4986 anticameram

979 5042 1103 5092 irnicadern
1130 5041 1255 5103 dirigente⁴
1289 5035 1389 5086 Dicebat
1409 5033 1490 5090 enim,
1512 5034 1576 5080 recta
1600 5034 1624 5078 et
1646 5026 1771 5076 continno

977 5150 1064 5195 curm,
1078 5138 1150 5184 ιεπίο
1162 5132 1313 5196 ΙιιηιοΙΙεπίο,
1329 5129 1425 5191 pelagus
1436 5124 1566 5176 transmitti
1578 5135 1652 5186 posse.
1687 5126 1760 5168 scee-

977 5231 1052 5279 ternre
1064 5231 1145 5275 aretem
1160 5241 1201 5286 so,
1216 5226 1242 5272 nt
1255 5220 1327 5284 possit
1338 5219 1501 5269 continentem
1512 5216 1640 5276 attingere,
1654 5211 1760 5269 autpor·
