3866 5956
795 469 975 532 nnottcn.

60 600 159 659 batur
176 598 336 658 attrahere.
354 598 541 677 Apollonius,
552 599 597 658 ira
614 617 783 676 conversus,
799 619 864 659 sur·

62 697 147 756 rexit
167 708 201 753 et
227 696 305 754 calce
322 715 385 754 earn
409 696 568 774 percussit3
582 709 611 754 et
632 697 759 775 impulsa
779 698 865 774 virgo

61 791 196 862 cecidit3
209 803 239 848 et
253 790 290 848 de
299 809 375 867 genn
387 789 450 868 ejus
463 791 553 869 eoepit
567 792 685 867 sanguis
698 791 827 850 effluere.

321 969 417 1036 CAP.
465 970 619 1036 xxxvl.

107 1148 170 1207 Sed
187 1160 219 1205 et
234 1147 332 1226 puella
346 1148 434 1226 coepit
448 1146 517 1205 flere
536 1159 565 1205 et
584 1147 682 1207 dicere
706 1170 712 1204 t
733 1148 865 1209 Oardua

35 1248 222 1306 scoelorunr
244 1248 387 1323 potestas!
418 1244 478 1303 Cur
503 1262 549 1302 me
567 1244 751 1304 innocentem
775 1246 863 1305 tantis

65 1339 294 1401 calamitatibus
304 1338 456 1417 subjacere
473 1339 634 1418 permittis,
646 1353 750 1417 atque,
770 1341 807 1399 ab
819 1343 865 1419 ip·
887 1345 892 1374 ¹

67 1439 110 1497 sis
126 1435 291 1495 cunabulis
301 1435 461 1494 nativitatis
477 1454 558 1508 mea,
574 1435 662 1494 tantis
675 1436 802 1495 miseriis
826 1437 865 1496 la·

69 1533 186 1609 tigerii
208 1531 302 1607 Nam,
317 1543 350 1589 ut
364 1543 431 1589 nata
452 1530 493 1589 sui
508 1530 586 1589 inter
605 1529 710 1590 fluctus
732 1533 821 1591 maris
840 1545 869 1590 et

69 1626 245 1705 procellas,
260 1638 352 1684 mater
366 1645 429 1684 mea
448 1624 598 1701 algoribus
617 1629 776 1685 constricta
790 1646 868 1685 mor·

33 1744 56 1782 ιο
71 1735 121 1780 tua
135 1735 199 1794 est,
217 1733 249 1779 et
262 1733 385 1779 mortuae
399 1721 548 1798 sepultura
560 1734 663 1797 negata
677 1734 720 1779 est
734 1721 765 1780 in
778 1734 865 1782 terra.

70 1819 106 1877 Et
117 1831 231 1878 ornata
244 1836 262 1875 a
278 1829 360 1895 patre
374 1836 439 1875 meo
453 1818 541 1876 missa
555 1818 643 1876 estin
657 1817 785 1876 loculum
802 1838 867 1876 cnm

70 1913 124 1972 XX
149 1913 299 1973 sestertiis
317 1912 397 1982 auri,
423 1924 452 1969 et
475 1911 609 1990 Neptuno
632 1912 738 1971 tradita
753 1926 813 1986 est3
841 1927 871 1972 et

70 2010 286 2087 Strongulioni
306 2022 335 2067 et
353 2008 526 2085 Dionysiadi
549 2009 650 2088 impiis
668 2029 685 2067 a
702 2022 786 2088 patre
806 2030 869 2069 snm

72 2108 235 2184 derelicta,
247 2126 312 2164 cum
321 2107 499 2164 ornamentis
513 2104 681 2164 etvestibus
695 2124 749 2180 pro
762 2105 871 2182 quibus

36 2220 59 2257 ιι
72 2224 169 2283 usque
183 2206 223 2263 ad
240 2215 360 2260 mortem
371 2201 502 2281 perveni.
518 2201 587 2260 Nam
597 2201 680 2279 jussa
695 2222 759 2261 snm
774 2203 869 2261 decol-

75 2302 130 2360 lari
145 2321 164 2358 a
179 2318 271 2359 servo
292 2298 372 2376 ejus;
389 2311 417 2356 et
436 2298 539 2378 pirata
557 2300 796 2376 supervenientes
823 2320 870 2358 ra·

75 2409 209 2474 puerunt
234 2413 295 2466 me3
309 2408 337 2452 et
349 2395 379 2453 in
398 2394 474 2452 hanc
494 2391 596 2452 urbem
614 2394 713 2453 lenoni
735 2395 873 2455 distracta

76 2512 153 2551 sum.
174 2494 280 2563 Deus,
305 2491 394 2550 redde
413 2510 459 2550 me
478 2489 572 2567 Tyrio
593 2491 767 2570 Apollonio,
790 2505 867 2571 patri

76 2605 160 2659 '¹¹⁰⁰’
173 2606 250 2664 ‘3¹¹¹’
264 2583 333 2642 dum
346 2597 466 2642 mmm
485 2602 577 2641 meam
596 2582 718 2659 lugerem
731 2584 871 2660 §imagu-
918 2638 944 2696 Τ
945 2641 1050 2698 arsiam
1067 2640 1156 2697 filiam
1172 2639 1236 2716 ejus
1255 2641 1341 2711 emit,
1363 2642 1561 2719 constituique
1575 2642 1604 2700 in
1619 2643 1688 2720 lupa

40 2701 64 2738 ιι
77 2682 151 2742 Ιίοηί
171 2696 202 2741 ει
222 2679 398 2758 Dionysiadi
420 2679 521 2758 impiis
542 2699 588 2738 me
604 2679 770 2758 dereliquit.
785 2680 873 2759 Apol·

76 2778 177 2837 lonius
185 2777 256 2835 hac
265 2776 486 2851 signaaudiens,
498 2775 871 2850 exclamavitvocemagna,

79 2885 108 2929 et
120 2874 162 2932 ait
175 2890 249 2932 curn
264 2872 423 2948 lacrymis:
437 2869 572 2939 Currite,
589 2869 706 2942 famuli3
727 2881 756 2928 et
775 2871 874 2928 anxie·

82 2969 134 3025 tati
156 2986 232 3025 meae
263 2966 348 3022 finem
382 2964 535 3043 imponite.
560 2962 720 3023 Audientes
749 2965 875 3042 deniqne

84 3062 259 3134 clamorem,
284 3071 478 3119 cucurrerunt
500 3078 601 3118 omnes
623 3060 719 3131 servi3
745 3061 875 3119 cucurrit

47 3175 70 3215 rs
83 3159 170 3217 etiam
182 3158 391 3233 nunnagora,
401 3157 529 3216 civitatis
539 3175 599 3215 suae
612 3156 760 3235 princeps.
777 3156 811 3215 Et
824 3158 875 3217 de·

84 3253 258 3312 scandentes
274 3254 449 3311 invenerunt
461 3250 649 3329 Apollonium
664 3270 753 3329 snper
766 3252 874 3311 collum

87 3349 201 3410 Tarsiae
216 3350 333 3408 flentem
348 3362 376 3407 et
387 3349 531 3407 dicentem
553 3370 560 3406 ε
575 3349 642 3407 llaec
658 3362 701 3408 est
716 3348 778 3408 lilia
794 3369 873 3423 mea,

86 3465 173 3523 quam
186 3447 285 3523 lugeo,
306 3445 390 3523 cujus
410 3465 498 3505 causa
518 3445 667 3505 redivivas
688 3445 834 3523 lacrymas
848 3460 877 3506 et

86 3556 247 3600 renovatos
269 3541 364 3599 luctus
388 3559 612 3618 assumpseram.
632 3539 705 3598 Nam
733 3560 787 3617 ego
811 3561 875 3600 sum

50 3651 76 3691 tn
89 3638 267 3713 Apollonius
281 3637 401 3714 'syrius
414 3639 465 3715 qui
480 3652 507 3696 ιε
519 3637 721 3696 commendavi
732 3637 875 3715 Strongu-

90 3730 165 3791 lioni
198 3748 229 3793 et
248 3733 423 3810 Dionysiadi
439 3732 548 3810 impiis.
564 3733 619 3791 Dic
631 3732 716 3804 mihi,
727 3732 877 3810 mornado

90 3826 168 3887 dicta
188 3842 234 3889 est
263 3830 365 3888 nutrix
385 3830 452 3889 tua?
475 3829 509 3887 Fr
537 3829 587 3889 illa
614 3828 690 3888 dixit
715 3850 722 3886 τ
745 3827 876 3907 Lycoris.

89 3925 269 4002 Apollonius
282 3938 377 3984 autem
389 3925 642 3985 vehementissime
651 3925 778 3985 clamare
788 3928 878 4007 coepit

89 4021 231 4079 etdieere
260 4042 267 4078 z
297 4021 342 4079 'l'u
362 4040 393 4080 es
422 4022 482 4080 lilia
500 4040 572 4080 mea.
600 4021 635 4079 Et
656 4020 798 4080 illedixit
821 4023 877 4083 :Si

53 4134 78 4173 ss
89 4112 115 4171 'l
115 4118 221 4175 arsiam
236 4118 355 4193 queris,
370 4137 424 4194 ego
438 4137 512 4177 sum.
526 4118 611 4177 Tunc
622 4119 739 4193 erigens
753 4137 796 4190 se,
809 4137 879 4197 pro-

88 4205 175 4282 jectis
203 4210 336 4269 vestibus
367 4210 558 4286 lugubribus,
585 4210 682 4269 induit
706 4230 737 4269 se
763 4224 872 4271 vestem

93 4303 252 4380 mundam3
269 4317 298 4362 et
318 4304 539 4383 apprehendens
559 4322 622 4361 eam
641 4303 828 4364 osculabatur
851 4319 880 4364 et

93 4394 192 4455 flebat.
205 4397 373 4477 Videasque
393 4419 444 4458 eos
467 4399 663 4474 Antinagoras
685 4412 825 4478 utrosque
848 4398 879 4460 in

93 4493 231 4568 amplexu
249 4513 314 4552 cum
330 4494 470 4572 lacrymis
488 4494 680 4565 inherentes,
700 4507 729 4552 et
743 4495 807 4572 ipse
826 4496 876 4554 fle·

57 4605 81 4645 ιι
92 4582 160 4658 bat,
171 4602 201 4647 et
213 4589 351 4649 narrabat
364 4592 392 4650 ei
408 4592 459 4669 qui
478 4591 575 4670 puella
588 4592 618 4649 in
636 4591 769 4670 lupanari
782 4593 880 4670 posita

94 4683 233 4745 universa
245 4699 404 4759 narrasset,
425 4701 453 4746 et
472 4687 544 4764 quid
563 4700 632 4746 tunc
647 4687 787 4765 temporis
805 4700 880 4746 esset

94 4791 130 4832 ex
147 4797 207 4855 qno
227 4783 361 4861 spiratis
377 4782 502 4841 abducta
513 4795 542 4840 et
554 4782 693 4842 distracta
713 4782 826 4841 luisset.
845 4782 880 4841 Et

95 4867 213 4931 mittens
227 4894 258 4933 se
273 4876 467 4951 dntinagoras
481 4876 517 4934 ad
533 4876 620 4953 pedes
639 4875 791 4954 Apollonii
810 4876 873 4935 ait:

96 4956 155 5019 Per
170 4965 260 5025 Deum
272 4970 394 5045 vivum,
410 4971 461 5048 qui
480 4984 508 5029 te
519 4983 631 5047 patrem
647 4971 774 5030 restituit
791 4971 878 5044 fitia,

60 5067 85 5106 ιι
97 5072 134 5111 ne
147 5059 236 5119 alium
246 5063 343 5122 virum
358 5064 453 5123 tradas
467 5064 588 5124 Tarsia.
603 5063 675 5122 Nam
687 5077 716 5123 et
730 5084 784 5142 ego
796 5067 879 5145 prin·

98 5169 165 5229 seps
175 5174 238 5215 sum
252 5159 341 5238 hujus
352 5162 494 5234 civitatis3
513 5174 542 5220 et
555 5180 612 5240 ope
632 5180 696 5220 mea
711 5163 796 5239 virgo
810 5184 881 5243 per-

100 5253 225 5325 mansit,
239 5270 267 5314 et
278 5276 326 5316 me
341 5259 443 5316 ducem
458 5278 492 5321 ae
512 5270 624 5335 patrem
645 5257 774 5333 agnovit.
791 5260 879 5338 Apol·

201 5367 283 5406 ntuet-

1640 480 1697 533 (ild

910 602 1008 661 lunius
1021 603 1062 661 ait
1081 624 1087 661 :
1103 603 1160 673 Qui
1174 621 1245 679 ergo
1264 602 1332 662 huic
1352 616 1439 661 tantae
1450 601 1553 682 pietati
1573 617 1602 662 et
1617 604 1699 664 boni·

911 698 963 755 tati
976 718 1030 774 ego
1044 717 1162 777 possum
1178 717 1242 758 esse
1253 700 1439 758 contrarius?
1455 698 1519 757 lmo
1533 712 1616 778 opto,
1630 702 1701 778 quia

912 806 1012 853 notum
1026 794 1079 853 leci
1095 815 1154 853 non
1166 814 1212 853 me
1222 795 1422 874 depositurum
1435 796 1557 868 luctum,
1570 798 1601 855 ni
1614 798 1699 875 prius

912 889 1000 947 filiam
1015 910 1106 948 meam
1119 891 1222 970 nuptui
1235 892 1393 950 tradidero.
1413 892 1473 950 lloc
1486 906 1595 951 tanturn
1612 914 1697 968 rogo,

912 1001 943 1045 ut
955 988 1016 1045 lilia
1027 1007 1089 1046 mea
1102 987 1139 1045 de
1152 987 1207 1045 hoc
1226 989 1330 1046 lenone
1342 989 1522 1061 vindicetur,
1538 1009 1625 1067 quem
1637 1010 1701 1049 sus·
1717 1021 1730 1058 ι

914 1083 1001 1143 tinnit
1016 1082 1182 1143 inimicum.

1151 1237 1246 1303 CdP.
1280 1237 1453 1304 xxxvu.

955 1392 1007 1451 llis
1035 1394 1160 1469 auditis,
1186 1395 1379 1471 Antinagoras
1406 1393 1493 1454 citius
1515 1397 1645 1455 cucurrit
1665 1396 1702 1455 ad

914 1489 1036 1547 curiam.
1057 1488 1092 1547 Et
1109 1491 1277 1550 convocatis
1300 1490 1484 1567 magnatibus
1508 1493 1638 1551 omniurn
1656 1496 1703 1551 ci-

915 1585 1054 1659 vitatum,
1071 1587 1245 1647 exclamavit
1267 1606 1340 1647 voce
1353 1606 1470 1665 magna,
1490 1586 1610 1648 dicens:
1627 1589 1701 1648 Cur·
1719 1602 1742 1640 ¹⁰

915 1683 979 1754 rite,
1001 1683 1082 1743 cives
1104 1684 1248 1763 piissimi,
1275 1685 1429 1744 subvenite
1444 1685 1572 1757 civitati,
1594 1706 1700 1765 nepe-

916 1793 977 1838 reat
1008 1795 1129 1860 propter
1154 1802 1244 1841 unum
1271 1783 1416 1841 infamem.
1443 1786 1479 1841 Αι
1511 1780 1562 1842 ubi
1592 1782 1703 1843 dictum

915 1889 969 1948 est,
992 1891 1021 1935 et
1040 1879 1236 1955 dntinagoras
1257 1881 1396 1958 princeps
1422 1879 1477 1938 bac
1499 1899 1571 1938 voce
1585 1878 1616 1938 in
1639 1880 1703 1939 loro

917 1972 1062 2046 clamavit,
1083 1994 1243 2034 concursus
1263 1975 1366 2052 ingens
1387 1971 1477 2034 lactus
1494 1984 1553 2048 est3
1572 1986 1601 2034 et
1621 1987 1702 2034 tanta

917 2071 1074 2130 commotio
1092 2073 1194 2150 populi
1210 2071 1286 2143 suit,
1307 2086 1339 2130 ut
1361 2073 1391 2130 in
1406 2072 1494 2131 domo
1512 2094 1564 2133 sua
1585 2094 1638 2132 nec
1658 2076 1705 2133 vir
1719 2085 1744 2124 ¹⁸

917 2183 970 2221 nec
986 2165 1093 2223 femina
1108 2167 1303 2226 remansisset.
1315 2166 1461 2226 Omnibus
1472 2181 1567 2226 autern
1580 2188 1701 2227 curren·

919 2255 999 2316 tibus
1011 2279 1115 2335 magna
1129 2279 1202 2318 voce
1216 2260 1292 2318 dixit
1307 2282 1314 2317 ε
1335 2259 1422 2319 Cives
1438 2258 1584 2338 Mitylen,
1607 2248 1704 2320 sciatis

917 2351 1041 2431 Tyrium
1055 2356 1242 2433 Apollonium
1257 2373 1352 2429 regern
1368 2375 1506 2430 magnum
1530 2355 1699 2428 advenisse3

859 2494 865 2506 .
917 2461 947 2508 et
958 2448 1064 2508 classes
1079 2451 1197 2509 navium
1213 2471 1278 2509 cum
1295 2451 1425 2508 exercitu
1446 2452 1644 2529 proximantes
1656 2473 1704 2512 re·

920 2564 1048 2602 versurae
1066 2547 1180 2604 suntin
1197 2545 1361 2619 civitatem,
1377 2545 1491 2604 lenonis
1511 2565 1613 2618 causa,
1634 2549 1704 2625 quia
1721 2559 1748 2597 ιθ

920 2736 995 2794 nari.
1012 2735 1051 2793 Ut
1062 2753 1131 2810 ergo
1146 2735 1274 2793 salvetur
1286 2736 1401 2807 civitas,
1414 2736 1574 2796 deducatur
1585 2739 1621 2797 ad
1637 2758 1704 2797 euru

920 2829 1004 2907 leno,
1026 2830 1062 2888 de
1078 2828 1156 2907 quu'
1174 2849 1206 2888 se
1227 2829 1372 2903 vindicet3
1392 2845 1421 2889 et
1436 2852 1494 2890 non
1515 2845 1574 2891 tota
1600 2834 1704 2892 civitas

922 2941 1032 3005 pereat.
1058 2928 1110 2987 llis
1141 2929 1267 3003 auditis,
1293 2928 1345 3005 qui
1370 2929 1400 2987 in
1424 2931 1543 2989 civitate
1566 2930 1706 3007 Mitylene

920 3038 1018 3096 erant,
1039 3025 1320 3104 comprehenderunt
1342 3024 1492 3098 lenonem3
1518 3040 1547 3085 ct
1568 3029 1676 3087 vinctis
1690 3050 1707 3087 a
1723 3037 1750 3076 ιι

922 3134 1002 3197 tergo
1018 3109 1173 3194 manibus,
1189 3122 1226 3180 ad
1250 3123 1344 3181 forum
1356 3125 1371 3155 ⁴*
1386 3122 1505 3181 abauris
1519 3122 1644 3183 ducitur.
1662 3125 1706 3183 Fit

921 3218 1049 3278 tribunal
1074 3220 1192 3295 ingens3
1220 3232 1249 3277 et
1276 3219 1453 3297 Apollonius
1478 3219 1597 3279 indutus
1627 3222 1707 3298 regia

922 3329 1018 3389 reste,
1033 3328 1117 3375 tonso
1127 3318 1238 3395 capite,
1252 3316 1401 3395 omnique
1415 3317 1550 3397 deposito
1559 3318 1707 3396 squalore,

922 3425 951 3469 et
964 3412 1127 3472 diademate
1140 3414 1254 3490 cincto,
1270 3433 1335 3473 cum
1359 3414 1421 3474 filia
1441 3433 1493 3474 sua
1511 3412 1642 3474 tribunal
1661 3435 1706 3475 as·

922 3507 1037 3580 cendit;
1057 3521 1086 3566 et
1099 3522 1200 3566 tenens
1214 3528 1276 3566 eam
1292 3510 1322 3567 in
1337 3508 1491 3588 amplexu,
1508 3530 1605 3569 coram
1625 3515 1750 3570 ornn1³⁰

922 3602 1051 3682 populo,
1069 3603 1207 3681 lacrymis
1224 3603 1438 3682 impediebatur
1453 3605 1533 3683 loqui
1544 3604 1566 3663 '.
1582 3607 1705 3664 Antinu-

923 3719 1008 3777 goras
1023 3700 1073 3758 rix
1086 3719 1173 3759 manu
1186 3700 1310 3778 imperat
1325 3701 1404 3779 plebi
1419 3715 1451 3761 ut
1460 3714 1561 3761 taceat.
1579 3702 1708 3775 Quibus,

925 3794 1042 3855 silentio
1065 3795 1157 3871 sacto,
1184 3796 1243 3854 ait:
1258 3795 1345 3854 (lives
1369 3795 1518 3872 Mityleni,
1541 3814 1616 3872 qnos
1630 3799 1710 3874 pris-

924 3893 983 3950 tina
995 3894 1160 3963 miseratio,
1179 3911 1258 3949 nnnc
1278 3892 1431 3969 repentina
1450 3892 1545 3967 pietas
1557 3890 1661 3950 eduxit
1677 3895 1708 3951 in

924 4009 1032 4065 unum,
1056 3990 1163 4049 videtis
1180 3989 1206 4047 T
1207 3990 1313 4048 arsiam
1335 4000 1449 4066 epatre
1468 4005 1523 4046 suo
1562 3988 1651 4048 bodie
1663 4012 1712 4049 co-
1724 4014 1752 4053 ιι

924 4087 1051 4162 gnitum,
1067 4106 1154 4164 quam
1174 4085 1380 4163 cupidissimus
1404 4084 1487 4156 leno,
1506 4084 1541 4142 ad
1564 4103 1617 4143 nos
1639 4105 1705 4166 spo·

925 4181 1060 4252 liandos,
1081 4200 1174 4257 nsque
1187 4179 1346 4258 depressit3
1370 4197 1448 4256 qnae,
1463 4193 1561 4238 vestra
1581 4180 1705 4259 pietate,

925 4275 1011 4351 virgo
1022 4276 1192 4354 permansit.
1206 4274 1244 4332 Ut
1252 4274 1264 4297 '
1277 4293 1347 4351 ergo
1359 4274 1476 4353 plenius
1488 4276 1589 4353 pietati
1602 4289 1707 4336 restrae

924 4373 1032 4447 gratias
1046 4371 1184 4445 reseram,
1197 4382 1273 4429 natae
1289 4369 1354 4448 ejus
1366 4383 1519 4450 procurate
1533 4370 1704 4431 vindictam.

927 4467 960 4525 Et
980 4484 1081 4525 omnes
1094 4485 1152 4525 una
1167 4484 1240 4524 voce
1262 4466 1536 4544 proclamaverunt,
1552 4464 1683 4526 dicentes
1699 4489 1707 4525 ε
1725 4479 1753 4518 ιιι

930 4561 1010 4621 Leno
1035 4563 1123 4621 rivus
1144 4560 1258 4636 ardeat3
1277 4575 1306 4619 et
1325 4560 1404 4620 bona
1422 4560 1488 4637 ejus
1510 4560 1615 4640 puellae
1636 4561 1711 4640 adji-

925 4672 1047 4717 crentur.

1160 4798 1253 4870 CAP.
1284 4796 1476 4869 XXXVIII.

967 4966 1130 5025 adducitur
1139 4966 1207 5024 leno
1218 4964 1338 5043 ignibus
1345 4989 1354 5037 ;
1362 4978 1390 5024 et
1401 4965 1520 5025 villicus
1525 4963 1590 5042 ejus
1597 4966 1712 5026 dinian-

927 5076 974 5123 tus
988 5084 1052 5123 cum
1066 5064 1213 5123 universis
1224 5064 1332 5142 puellis
1344 5076 1373 5122 et
1388 5062 1575 5123 facultatibus
1588 5064 1713 5123 traditur
1728 5083 1755 5122 ιι

927 5160 1048 5219 Tarsia.
1066 5158 1099 5217 Et
1108 5161 1149 5218 ait
1162 5158 1267 5218 Tarsia
1277 5158 1379 5218 villico
1394 5181 1401 5215 :
1424 5159 1509 5219 Dono
1534 5159 1590 5218 tibi
1606 5161 1712 5235 vitam,

928 5260 998 5337 quia
1011 5257 1156 5318 beneficio
1169 5271 1219 5317 tno
1233 5270 1260 5316 et
1275 5256 1384 5317 civium
1399 5271 1530 5329 tuorum,
1551 5257 1637 5334 virgo
1648 5277 1712 5337 per·

1560 5350 1583 5389 ιι
