3932 5946
199 439 254 491 310
737 427 946 487 ltssltonont
969 426 1271 485 AE'iltlot’lcotttttt

197 564 312 635 ἡγοῦμαι
326 554 419 621 αὐτούς
442 554 614 633 ἀρορμησειν.
657 545 715 633 Ἆρ’
736 547 797 632 σύν,
816 555 881 634 ἔφη,
895 559 939 615 καῖ
961 562 977 627 ἡ

196 648 260 724 κόρη
286 647 372 710 αὐτοῖς
393 648 409 713 ἡ
436 642 508 720 παρά
524 665 563 699 σοι
586 642 754 719 καταγομένη
769 644 979 720 συμπλεύσεται,

196 732 306 803 Ἄδηλον
324 731 388 807 μέν,
413 721 503 801 εἶπον,
525 729 592 786 ἀλλὰ
609 730 633 787 τί
654 732 898 810 πολυπραγμονεῖς,
914 732 980 792 Ὅτι

196 822 290 890 αὐτῆς,
312 817 377 895 έρη,
393 819 444 894 ἐρῶ
458 818 592 892 μανικῶς,
607 814 677 883 lna}
694 818 866 895 θεασάμενος·
885 820 979 901 οὐγὰρ

169 898 253 965 colia
272 903 428 983 προστυχὼν
454 903 563 982 τοιούτῳ
589 903 696 976 κάλλει,
718 905 818 971 πολλὰς
832 906 877 964 καί
896 913 979 965 ταῦτα

195 995 240 1052 καί
261 996 307 1051 οὐκ
323 992 430 1071 ἐξώρους
445 994 630 1070 αἰχμαλώτους
644 992 758 1071 ᾑρηκώς.
801 992 980 1072 Ὑπαγόμενος

194 1074 239 1140 σύν
251 1081 330 1139 αὐτὸν
350 1077 420 1136 ὥστε
434 1088 486 1136 πᾶν
502 1079 648 1145 ἀναπτύξαι
661 1080 691 1137 τὸ
705 1080 852 1158 βούλευμα·
863 1083 898 1142 Τί
922 1074 979 1153 σύν,

194 1173 272 1248 ἔρην,
284 1170 322 1227 δεῖ
334 1191 363 1225 σε
371 1167 568 1243 συμπλέκεσθαι
580 1170 632 1233 τοῖς
645 1167 762 1235 Φοίνιξιν
775 1167 843 1227 ἀλλὰ
852 1169 889 1245 μὴ
904 1173 979 1228 ἀναι-

195 1257 262 1332 μωτὶ
278 1256 323 1315 καί
336 1255 386 1334 πρὸ
400 1260 447 1325 τῆς
461 1255 591 1324 θαλάττης
606 1253 688 1333 ἔχειν,
700 1257 729 1313 ἐκ
743 1260 788 1326 τῆς
800 1256 882 1322 οἰκίας
894 1257 979 1334 ἆρπαί·

158 1359 182 1395 Ιθ
196 1367 277 1403 σαντα
296 1348 343 1414 τῆς
357 1345 434 1417 ἐμῆς,
454 1342 573 1409 Σώζεται
586 1343 629 1399 καὶ
644 1341 717 1419 παρὰ
729 1346 854 1421 λῃσταῖς,
871 1343 937 1422 ἔφη,
952 1368 977 1402 τι

195 1431 310 1496 συνειδὸς
330 1429 375 1487 καί
387 1429 450 1507 πρὸς
462 1429 520 1494 τοὺς
530 1429 675 1506 γνωρίμους
687 1431 880 1510 φιλάνθρωπον.
926 1435 978 1490 Σοῦ

193 1517 216 1573 τ’
229 1509 275 1575 σύν
291 1517 427 1596 φείδομαι,
440 1515 477 1590 μὴ
489 1515 651 1591 πραγμάτων
667 1518 817 1596 πειραθείης
826 1518 885 1583 aab<
895 1518 979 1585 ξένους

194 1603 403 1678 ἐπιζητούμενος.
448 1602 520 1678 Ἐγὼ
533 1601 559 1659 δέ
571 1603 603 1660 δι’
613 1602 666 1668 td<
676 1604 751 1683 ἔργου
763 1605 807 1661 δύο
822 1604 854 1660 τὰ
867 1603 978 1679 μέγιστα

193 1691 410 1770 προσκτήσασθαι
424 1690 565 1767 βούλομαι,
577 1690 620 1747 τόν
637 1714 665 1747 τε
681 1693 793 1750 πλοῦτον
805 1695 851 1761 τῆς
860 1690 921 1757 νεὼς
933 1693 978 1750 καὶ

156 1794 179 1831 tn
194 1780 237 1836 τὸν
251 1778 337 1854 γάμον
351 1780 397 1846 τῆς
421 1775 514 1855 κόρης,
528 1769 563 1834 διν
578 1778 686 1854 θατέρου
702 1777 803 1844 πάντως
823 1778 893 1836 ἐστίν
913 1780 977 1837 ἀπο·

193 1872 282 1942 τυχεῖν
293 1863 361 1921 κατὰ
373 1868 421 1941 γῆν
436 1865 615 1943 έπιχειροῧντα
630 1864 677 1934 τὴν
687 1865 789 1943 πρᾶξιν.
824 1865 877 1924 Καὶ
892 1866 978 1931 σίλλοις

194 1954 247 2009 οὐδ’
256 1950 389 2009 ἀκίνδυνον
398 1948 423 2008 εἴ
432 1974 456 2007 τι
468 1951 684 2029 τούτωνγίγνοιτο
694 1952 805 2023 πλησίον
813 1958 861 2023 τῆς
870 1955 977 2027 πόλεως,

194 2043 224 2096 ἐκ
237 2045 283 2097 τοῦ
297 2043 464 2118 παραχρῆμα
480 2042 526 2109 τῆς
549 2042 573 2096 τ’
589 2039 732 2111 αἰσθήσεως
747 2041 791 2098 καί
812 2045 858 2111 τῆς
872 2041 976 2100 ἐπιδιώ·

195 2127 255 2194 ξεως
266 2127 400 2203 ἐσομένης.
445 2126 540 2186 [lolli
555 2125 586 2197 δὴ
599 2132 645 2197 τῆς
661 2126 786 2194 συνέσεως
805 2128 882 2187 αύτδν
904 2131 977 2186 ἓπαι·

153 2232 179 2267 au
193 2214 283 2285 νέσας,
295 2215 395 2271 ἐκείνου
408 2212 455 2289 μέν
469 2214 690 2290 ἀπηλλαττόμην,
703 2216 744 2272 σοὶ
758 2216 785 2272 δέ
800 2215 976 2291 καταμηνύειν

192 2301 239 2370 τὴν
263 2301 478 2379 σκευωρουμένην
492 2300 556 2380 πρδς
579 2305 630 2359 τῶν
652 2304 805 2381 ἀλαστόρων
820 2304 977 2376 tardabili,

192 2390 301 2447 ἱκετεύω
327 2389 451 2469 φροντίδα
477 2393 609 2448 ποιεῖσθαι
625 2394 669 2448 τοῦ
685 2391 779 2449 σαυτόν
797 2415 826 2449 τε
850 2392 894 2450 καί
920 2393 977 2459 τοὺς

192 2483 290 2534 σαυτοῦ
305 2474 449 2545 διασώζειν.

235 2564 304 2623 ΚΑ’.
316 2562 419 2641 Ἀπγίειν
430 2562 549 2641 κατηφὴς
560 2562 657 2621 τούτων
669 2563 781 2632 ἀκούσας
793 2566 837 2623 καί
852 2565 976 2637 παντοίας

153 2672 178 2706 ευ
193 2649 315 2729 έστρερον
329 2655 391 2729 παρ’
406 2653 512 2730 ἐμαυτῷ
526 2650 636 2729 βουλδς,
651 2651 698 2718 ἕως
710 2655 740 2711 ἐκ
754 2654 919 2729 ταύτομάτου
931 2677 976 2728 μοι

193 2741 272 2795 πάλιν
296 2738 411 2817 ἐντυχὼν
427 2742 440 2795 δ
457 2738 570 2815 ἔμπορος
589 2739 633 2796 καί
654 2741 777 2816 περὶτῶν
793 2743 976 2800 αὖτῶνδιαλε·

192 2826 317 2903 γόμενος,
331 2825 483 2901 σκέμματός
494 2849 560 2891 τινος
572 2826 707 2901 ἐνδόσιμον
721 2828 856 2906 παρεῖχεν.
900 2828 974 2886 Ἀπο-

193 2914 315 2991 κρύπτων
329 2914 380 2992 γδρ
403 2915 454 2969 τῶν
476 2912 547 2990 παρὰ
567 2918 612 2970 τοῦ
634 2917 772 2994 Τυρρηνοῦ
793 2916 975 2991 μηνυθέντων,

194 3002 260 3078 άπερ
275 2999 436 3075 ἐβουλόμην,
450 3000 532 3057 έκεῖνο
554 2999 632 3074 μόνον
647 2999 675 3057 τὸ
689 3001 765 3081 μέρος
779 3001 927 3081 ἐξέφαινον,
943 3008 976 3068 ὡς

153 3104 179 3140 ao
194 3087 311 3164 ἁρπάσαι
323 3110 360 3153 τις
371 3090 423 3144 τῶν
438 3085 570 3164 ἐγχωρίων
587 3088 726 3145 διανοεῖται
739 3087 787 3159 τὴν
805 3089 898 3168 κόρην,
914 3091 977 3171 πρὸς

194 3176 221 3232 ὃν
246 3177 293 3233 οὐκ
317 3173 387 3231 έστιν
402 3173 545 3250 ἀξιόμαχος
567 3175 763 3242 ἀντιτάξασθαι.
807 3177 878 3255 Ἐγὼ
892 3178 919 3236 δέ
936 3179 976 3237 ool

194 3264 294 3337 μᾶλλον
310 3260 355 3329 ἂν,
370 3259 450 3339 ἔρην,
466 3259 573 3335 ἑλοίμην
593 3261 676 3333 αὐτὴν
698 3267 877 3341 κατεγγυῆσαι
892 3264 934 3323 διαί
948 3288 976 3322 τε

192 3350 241 3419 τὴν
266 3347 487 3426 προϋπάρχουσαν
504 3352 617 3429 γγῶσιν,
633 3350 675 3408 διά
694 3374 721 3407 τε
742 3350 789 3423 τὴν
813 3353 976 3430 περιουσίαν·

194 3437 239 3494 καί
253 3437 304 3515 πρὸ
317 3435 422 3493 πάντων
435 3433 474 3491 ότι
486 3436 533 3504 τὴν
545 3438 676 3515 ἡμετέραν
690 3441 783 3510 οἰκεῖν,
798 3443 820 3498 εἰ
833 3445 877 3498 τοῦ
889 3440 976 3518 γάμου

153 3541 178 3578 nn
195 3523 294 3601 τύχοις,
306 3521 383 3601 έρθης
401 3523 633 3599 ἐπαγγελλόμενος.
677 3523 760 3584 ‘'ssor'
784 3525 809 3583 εἴ
821 3550 860 3584 σοι
874 3528 977 3594 πάντως

195 3612 283 3689 pilon,
299 3607 475 3667 σπουδαστέον
495 3614 559 3686 ἡμῖν
574 3609 616 3667 τὸν
631 3611 730 3670 ἐνθένδε
745 3613 900 3687 ἀπόπλουν,
915 3616 976 3694 πρίν

193 3719 218 3753 τι
226 3696 271 3754 καί
281 3695 345 3774 πρὸς
355 3695 384 3753 rb
392 3693 513 3753 ἀκούσιον
523 3698 704 3777 προληρθῆναι
711 3699 794 3757 παθόν
799 3724 852 3765 τας,
877 3700 976 3778 Ὑπερ-

193 3785 261 3856 ήσθη
276 3783 372 3842 τούτων
388 3783 500 3850 ἀκούσας
519 3784 563 3842 καλ
585 3775 613 3842 εὖ
636 3809 679 3861 γε,
692 3776 714 3844 ὦ
728 3787 829 3866 πάτερ,
850 3788 916 3869 ἔφη,
931 3790 976 3847 καί

195 3874 251 3949 ἅμα
267 3872 349 3952 ἒρίλει
370 3871 486 3951 προσιὼν
499 3870 546 3943 τὴν
560 3872 690 3953 κεφαλὴν,
704 3875 860 3933 ἐπυνθάνετό
876 3899 904 3933 τι
918 3877 977 3934 πότ’

153 3976 180 4012 ⁴⁰
195 3960 335 4037 ἀνάγεσθαι
348 3958 489 4035 κελεύοιμι,
502 3959 547 4017 καὶ
557 3959 608 4037 γὰρ
621 3962 643 4016 εί
653 3960 764 4036 μηδέπω
775 3966 820 4032 τῆς
831 3961 900 4040 ὥρας
911 3955 976 4020 εἶναι

193 4047 226 4103 rb
241 4049 356 4122 πλόϊμα,
373 4049 432 4103 ἀλλ’
445 4047 572 4126 ὑπάρχειν
583 4049 831 4125 μεταστησαμένους
843 4053 877 4117 εἰς
889 4050 976 4130 ἕτερον

193 4135 289 4212 ὅρμον,
306 4132 447 4204 ἔπιδουλῆς
458 4134 481 4191 τ’
496 4133 569 4200 έκτδς
582 4134 700 4211 γενέσθαι
712 4141 757 4208 τῆς
771 4139 977 4214 ὑπονοουμένης,

193 4222 238 4280 καί
250 4222 280 4279 rb
289 4220 400 4299 α’κριόές
412 4225 457 4279 τοῦ
473 4219 547 4298 ἔαρος
561 4230 721 4298 περιμεῖναι.
763 4226 879 4295 Οὐκοῦν,
894 4224 975 4306 έρην,

193 4313 215 4367 sl
225 4310 257 4380 δὴ
270 4310 360 4386 μέλλει
375 4310 470 4385 τοῦμδν
484 4308 583 4387 ἰσχύειν
596 4309 977 4391 πρόσταγμα,τῆςοἰρχομένης

153 4412 179 4449 ta
194 4398 224 4455 ἂν
240 4397 382 4476 βουλοίμην
396 4400 561 4456 ἀποπλεῦσαι
575 4396 674 4463 νυκτός.
718 4400 771 4457 Καὶ
786 4399 877 4475 ὁμέν,
897 4400 976 4460 (λύτω

193 4486 347 4563 γενήσεται,
360 4484 441 4543 εἰπὼν
451 4530 459 4561 ,
471 4484 613 4563 ἀπεχώρει.
657 4484 728 4564 Ἐγὼ
739 4489 761 4543 δ’
776 4486 862 4545 οἴκαδε
876 4489 975 4568 ἐλθὼν,

193 4573 255 4653 πρὸς
268 4572 316 4649 μέν
336 4572 380 4630 τὸν
401 4572 536 4653 Τυρρηνὸν
551 4571 609 4630 οὐδὲ
628 4572 670 4645 έν,
688 4573 751 4653 πρὸς
763 4573 791 4632 δέ
806 4578 865 4640 τοὺς
882 4578 978 4643 παῖδας

193 4662 320 4740 ἔφραζον,
336 4661 371 4724 ύνς
395 4665 452 4736 μεθ’
476 4659 589 4739 ἑσπέραν
612 4665 718 4739 βαθεῖαν
743 4656 813 4730 αὖθις
835 4665 977 4722 έπεδαίνειν

195 4750 281 4817 δεήσει
296 4750 342 4817 τῆς
356 4749 475 4815 ὁλκάδος.
519 4752 581 4808 Τιῗνν
597 4745 624 4807 δέ
645 4749 675 4808 τὸ
689 4751 814 4831 αἰφνίδιον
829 4752 976 4828 θαυμαζόν-

154 4850 180 4887 ao
195 4858 244 4891 των
258 4834 304 4891 καὶ
316 4833 363 4903 τὴν
381 4835 468 4893 αἰτίαν
483 4838 698 4913 πυνθανομένων,
713 4839 873 4918 ὑπερεθέμην
889 4843 977 4899 εἰσαύ-

194 4927 230 4986 θις
241 4921 321 4998 ἐρεῖν·
334 4926 378 4977 νῦν
391 4923 413 4980 δ’
428 4922 496 4981 οὕτω
510 4930 661 5005 πραχθῆναι
679 4927 820 5006 συμφέρειν
834 4929 934 5006 ἔλεγον.

235 5006 303 5067 llB‘.
326 5006 402 5065 Ἐπεὶ
431 5010 458 5065 δὲ
479 5009 581 5070 δείπνου
601 5013 664 5092 πρὸς
676 5014 762 5091 ὀλίγον
785 5017 977 5091 μεταλαόόντες

194 5097 229 5162 εἰς
243 5092 322 5151 ύπνον
342 5095 507 5173 ἐτράπημεν,
518 5097 582 5179 όναρ
598 5100 644 5174 μοί
660 5125 698 5168 τις
717 5102 864 5181 πρεσόύτης
875 5103 977 5184 ἐραίνε-

1027 565 1117 626 inquit,
1130 567 1155 613 et
1165 565 1231 625 uirgo
1245 577 1300 626 qum
1312 563 1375 627 apud
1391 567 1414 612 le
1425 564 1560 613 ‹lirarsalur
1577 578 1624 613 una
1639 579 1694 616 curn
1709 566 1806 623 illisnn·

1028 651 1136 712 rigabit?
1148 655 1268 700 lncertnra
1277 655 1313 701 est
1323 651 1420 712 quidem
1428 688 1434 707 ,
1442 652 1506 712 diri,
1517 666 1600 701 serrum
1609 666 1652 701 carr
1660 656 1709 702 lam
1720 655 1812 703 carrioso

1028 737 1051 784 id
1062 736 1195 786 scrutaris?
1207 737 1277 795 Quod
1294 735 1396 799 depereo
1412 737 1494 795 illam,
1509 737 1541 785 ita
1559 742 1586 786 nl
1601 738 1641 786 riu
1653 739 1698 787 sim
1713 754 1811 801 compos

1027 824 1127 884 mentis,
1142 837 1198 873 cunr
1211 825 1283 873 mmet
1294 826 1388 873 tantum
1401 824 1511 873 uiderim.
1546 828 1628 887 lteqrm
1642 839 1681 875 me
1700 826 1750 872 scio
1768 839 1812 874 un·

1027 924 1100 972 qnam
1120 910 1231 959 incidisse
1244 910 1269 959 in
1283 909 1356 959 talem
1370 912 1487 969 termam,
1504 911 1635 972 prasertim
1648 923 1703 959 crim
1726 912 1813 960 audlas

1026 1000 1050 1046 et
1071 1011 1119 1046 uon
1140 997 1260 1046 deformes
1277 999 1386 1059 captiuas
1402 999 1515 1061 ceperim.
1548 999 1650 1047 occulto
1673 998 1812 1060 igitureum

1027 1084 1167 1146 pertralrens
1181 1099 1224 1144 eo,
1233 1090 1260 1135 nt
1272 1086 1331 1135 milri
1344 1087 1418 1134 lolius
1427 1085 1519 1135 consilii
1529 1085 1565 1133 siri
1577 1086 1692 1134 rationem
1709 1088 1812 1147 expliea-

1027 1175 1062 1220 rct
1073 1190 1079 1219 :
1095 1172 1159 1229 Quid
1170 1172 1251 1234 igitur,
1264 1174 1417 1235 inquiebam,
1428 1177 1453 1222 te
1469 1187 1529 1234 opius
1543 1175 1580 1221 esl
1590 1185 1717 1223 conserere
1728 1187 1813 1223 marus

1026 1272 1081 1307 cum
1096 1260 1250 1309 Plrmnicibiis
1262 1265 1286 1310 et
1302 1275 1349 1310 non
1364 1262 1444 1323 potius
1454 1261 1506 1309 sine
1515 1260 1629 1320 sanguine
1638 1264 1662 1309 cl
1675 1263 1812 1324 priusquam

1026 1345 1188 1394 conscendant
1201 1345 1298 1407 adipisci
1309 1360 1338 1394 ea
1349 1346 1442 1394 adibus
1456 1348 1533 1395 areis?
1546 1349 1670 1408 miratur,
1686 1350 1778 1411 inquit,
1789 1355 1813 1399 et

1025 1431 1089 1492 apud
1103 1431 1228 1493 praedones
1248 1433 1393 1481 conscientia
1410 1435 1523 1496 quadam
1540 1438 1564 1484 et
1579 1449 1635 1497 erga
1649 1437 1719 1484 notos
1731 1438 1813 1494 luurpr-

1026 1519 1095 1567 nilas.
1128 1522 1180 1568 Tua
1190 1520 1261 1581 igitur
1275 1534 1345 1568 carisa
1354 1534 1440 1583 parco,
1451 1536 1481 1570 ne
1496 1523 1539 1571 tibi
1556 1536 1584 1571 ea
1595 1536 1632 1571 res
1645 1522 1812 1573 difficultatem

1025 1607 1114 1667 padat,
1126 1620 1182 1655 cunr
1201 1622 1214 1655 a
1228 1611 1252 1657 te
1263 1609 1369 1671 hospites
1384 1610 1465 1660 amissi
1476 1617 1657 1672 reposcerentur
1673 1630 1679 1660 :
1701 1616 1755 1660 tnnr
1766 1626 1812 1661 una

1024 1708 1095 1755 opera
1108 1695 1157 1741 duo
1167 1696 1272 1744 rrranirne
1282 1697 1396 1758 consequi
1408 1698 1477 1757 volo,
1486 1711 1543 1759 opes
1554 1700 1637 1759 nauis,
1649 1702 1673 1747 cl
1690 1700 1811 1749 malriino·

1025 1780 1091 1829 nium
1103 1782 1213 1842 uirginis;
1227 1797 1331 1845 quinium
1344 1784 1419 1833 altero
1436 1786 1536 1833 omnine
1550 1799 1589 1834 rue
1600 1787 1707 1835 irrrstrari
1719 1801 1811 1836 necesse
1843 1828 1849 1839 .

1024 1873 1073 1928 est,
1089 1872 1151 1918 terra
1160 1872 1284 1931 riegolium
1294 1873 1486 1933 aggredientem:
1500 1875 1523 1922 et
1533 1874 1621 1936 alioqui
1634 1888 1711 1937 ιιυηιιιι
1730 1878 1810 1926 tritrrru

1023 1964 1072 2017 cst,
1088 1971 1158 2018 crini,
1182 1959 1273 2020 siquid
1295 1960 1412 2019 ejusmodi
1434 1961 1552 2011 accideret
1578 1975 1652 2024 prope
1672 1964 1719 2010 sita
1740 1964 1811 2023 urbe,

1023 2046 1139 2094 continno
1154 2052 1179 2093 ct
1199 2048 1291 2095 laelium
1311 2049 1440 2097 sentiretur
1461 2054 1485 2099 et
1500 2050 1633 2111 persecutio
1643 2051 1723 2099 tritura
1738 2056 1808 2100 esset.

1024 2137 1086 2183 cuni
1098 2133 1168 2193 igilur
1177 2147 1235 2183 oum
1245 2135 1327 2184 multis
1337 2135 1415 2185 ruodis
1424 2137 1456 2185 ob
1467 2137 1619 2198 prudentiam
1628 2138 1809 2197 collaudassent,

1024 2222 1054 2269 ab
1066 2222 1108 2270 illa
1122 2221 1284 2273 discedebam.
1317 2223 1370 2272 Tibi
1384 2237 1441 2271 uero
1460 2223 1565 2274 indicans
1579 2224 1689 2287 insidias,
1706 2240 1760 2288 qnae
1780 2228 1809 2275 ab

1024 2309 1060 2357 liis
1074 2312 1201 2358 strirnntnr
1211 2311 1320 2360 scelestis
1334 2309 1483 2371 bominibus,
1497 2325 1638 2373 magnopere
1654 2327 1697 2361 oro
1708 2317 1733 2363 et
1744 2315 1810 2363 obte-

1023 2401 1087 2456 stor,
1098 2399 1125 2445 ut
1138 2397 1162 2446 in
1172 2398 1196 2447 id
1206 2412 1290 2447 curam
1301 2399 1423 2458 intendas,
1433 2412 1482 2461 qao
1494 2400 1566 2461 pacto
1579 2402 1604 2448 te
1618 2400 1698 2463 ipsum
1713 2404 1739 2450 et
1755 2405 1810 2450 tuus

1023 2485 1210 2547 servannensis.

1054 2576 1118 2623 xxt.
1137 2573 1292 2623 Discedebam
1313 2573 1400 2632 tristis,
1421 2585 1477 2621 carna
1494 2572 1547 2621 lunc
1563 2572 1682 2621 audissem
1702 2574 1728 2621 cl
1742 2569 1809 2621 uaria

1023 2660 1148 2709 versabam
1161 2659 1223 2723 apud
1234 2673 1273 2709 ine
1289 2659 1400 2719 consilia,
1413 2660 1490 2709 donec
1504 2661 1564 2710 forte
1573 2673 1629 2709 casu
1643 2660 1702 2710 milii
1711 2660 1810 2711 obuiam

1024 2750 1101 2797 lactus
1113 2752 1230 2797 mercator
1246 2751 1270 2796 el
1282 2747 1313 2797 de
1332 2748 1417 2799 iisdem
1432 2761 1528 2797 mecum
1548 2748 1702 2811 colloquens,
1725 2762 1809 2799 ansam

1023 2835 1150 2897 cujusdam
1173 2836 1264 2885 consilii
1280 2836 1390 2898 prebuit.
1424 2837 1557 2886 occultans
1568 2836 1632 2885 enim
1651 2850 1680 2884 er
1698 2837 1739 2896 iis,
1754 2851 1809 2898 quiae

1023 2927 1092 2973 erant
1105 2924 1234 2973 indicatae
1254 2924 1395 2986 Tyrrheno,
1412 2938 1467 2985 num
1480 2924 1605 2982 uolebam,
1628 2924 1693 2974 illam
1717 2927 1809 2975 tanturn

1023 3015 1116 3074 partem
1135 3012 1286 3073 relegebam,
1301 3012 1366 3074 quod
1390 3012 1490 3075 qnidam
1508 3011 1675 3073 indigenarum
1696 3013 1809 3073 cogitaret

1024 3112 1107 3161 rapere
1125 3098 1260 3161 uirginem,
1278 3098 1317 3147 eid
1343 3101 1452 3149 resistere
1473 3100 1523 3162 ipse
1541 3102 1565 3149 et
1579 3113 1605 3148 se
1624 3113 1744 3162 opponere
1762 3113 1809 3148 narn

1023 3189 1110 3248 tmssel.
1146 3191 1195 3248 Ego
1214 3190 1295 3236 antem
1320 3187 1363 3236 tibi
1380 3188 1475 3250 polius,
1490 3186 1642 3249 inquiebam,
1658 3187 1754 3236 mallem
1776 3188 1808 3248 ip·

1022 3287 1073 3323 saur
1085 3273 1246 3335 desponsare,
1258 3277 1311 3323 lum
1334 3277 1430 3339 propter
1442 3275 1567 3335 notitiam,
1583 3288 1639 3336 qnae
1655 3274 1713 3324 milri
1728 3277 1810 3323 tectim

1023 3361 1071 3420 ianr
1085 3364 1156 3409 antea
1170 3361 1308 3420 intercedit,
1323 3364 1375 3410 tarn
1391 3363 1489 3423 propter
1510 3375 1567 3422 opes
1584 3366 1651 3421 luns;
1664 3363 1689 3410 et
1703 3361 1812 3422 inprimis

1022 3448 1087 3512 qnod
1108 3452 1133 3498 le
1151 3448 1175 3497 in
1195 3450 1277 3498 nostra
1297 3448 1375 3510 patria
1396 3448 1574 3508 habitatorum,
1596 3449 1616 3496 si
1629 3448 1809 3498 matrimonium

1022 3538 1166 3584 consecutus
1190 3534 1275 3595 tueris,
1296 3539 1352 3585 ante
1371 3535 1510 3596 promisisti.
1553 3533 1715 3593 eranmbrem
1742 3534 1761 3582 si
1785 3535 1808 3582 id
1846 3572 1850 3579 .

1022 3623 1065 3672 tibi
1082 3621 1181 3671 omnino
1193 3622 1261 3671 cardi
1272 3624 1322 3681 cst,
1340 3635 1439 3684 propere
1450 3622 1506 3673 luno
1523 3621 1710 3683 abnarigemus,
1729 3622 1807 3683 prins·

1022 3723 1096 3773 qnam
1115 3709 1285 3772 anticipamur,
1308 3709 1399 3771 aliquid
1424 3709 1462 3758 vel
1486 3723 1528 3771 per
1551 3710 1601 3758 uim
1622 3710 1692 3771 passi.
1733 3710 1807 3758 Velia·

1023 3799 1115 3846 menter
1127 3799 1164 3846 est
1179 3797 1312 3846 delectatus
1328 3797 1365 3846 lris
1384 3796 1473 3846 audilis
1483 3800 1508 3846 ct
1520 3800 1607 3855 itecte,
1620 3800 1699 3861 pater,
1710 3797 1787 3858 inqrril
1800 3810 1807 3843 z

1022 3887 1141 3946 simulque
1155 3884 1270 3934 accedens
1282 3886 1356 3946 caput
1369 3885 1522 3935 osculabatur
1535 3886 1559 3934 ct
1567 3884 1700 3947 qrraercbat,
1712 3883 1809 3946 ornando

1023 3974 1116 4023 soluere
1133 3972 1260 4033 juberem?
1285 3973 1335 4022 Etsi
1356 3972 1420 4021 enirn
1441 3972 1549 4022 nondam
1578 3972 1720 4034 tempestiva
1747 3975 1809 4020 esset

1023 4060 1157 4122 nauigatio,
1177 4059 1248 4108 licere
1260 4063 1340 4109 tamon
1355 4062 1379 4109 in
1401 4060 1475 4109 aliurn
1488 4061 1583 4123 portani
1595 4073 1646 4109 sese
1666 4060 1807 4108 tmnsleren·

1023 4149 1102 4209 libus,
1118 4147 1215 4199 insidias
1229 4160 1284 4209 qiam
1301 4149 1451 4197 struerentur
1466 4148 1556 4199 enitare
1577 4149 1602 4197 et
1614 4148 1677 4197 acris
1697 4153 1807 4196 constan-

1022 4239 1081 4285 tiam
1095 4237 1192 4298 operiri.
1225 4238 1309 4299 lgitnr,
1323 4235 1477 4299 inquiebam,
1493 4236 1611 4299 siqnidem
1624 4235 1713 4285 valebit
1729 4249 1808 4284 meum

1023 4325 1164 4387 imperinm,
1188 4324 1235 4373 sub
1258 4324 1353 4374 initium
1374 4325 1451 4374 noctis
1469 4325 1579 4385 nauigare
1600 4323 1681 4373 uelim.
1715 4326 1745 4372 nt
1770 4323 1808 4371 ille

1023 4411 1134 4474 quidem,
1157 4413 1192 4461 sic
1221 4414 1329 4461 lutrinum
1353 4426 1409 4461 crim
1432 4412 1545 4472 dixisset,
1572 4411 1719 4460 discedebat.
1762 4414 1808 4471 Ego

1023 4505 1105 4549 anatem
1125 4500 1225 4549 domum
1241 4514 1367 4561 reversim,
1389 4500 1515 4563 Tyrrlreno
1536 4500 1635 4563 quidem
1650 4500 1718 4559 nilril,
1730 4500 1808 4559 liberis

1023 4589 1104 4636 antem
1123 4588 1247 4648 dicebam,
1264 4587 1329 4651 qrrod
1342 4590 1396 4649 post
1408 4587 1575 4649 crepusculum
1589 4600 1673 4635 rursus
1684 4586 1807 4635 troie-adcor

1023 4675 1183 4725 coascendere
1192 4679 1308 4738 oporteat.
1343 4675 1385 4724 llis
1393 4677 1474 4725 aulem
1486 4676 1635 4738 repentinam
1646 4674 1704 4723 illud
1719 4674 1809 4722 iactum

1024 4763 1166 4812 mirantibus
1191 4766 1216 4811 ct
1235 4777 1333 4812 carrsanr
1348 4763 1529 4825 querentibus,
1545 4762 1642 4823 distanti,
1665 4765 1746 4823 pastea
1771 4774 1809 4808 ure

1022 4850 1145 4899 dicturum
1157 4850 1271 4912 pollicens
1283 4871 1289 4899 z
1300 4864 1364 4899 ntrnc
1376 4854 1457 4900 autem
1473 4851 1608 4899 conclusere
1622 4853 1649 4899 nt
1659 4849 1691 4898 ila
1706 4851 1759 4909 liat,
1771 4849 1807 4895 di·

1022 4940 1116 4989 cebant.

1053 5030 1129 5077 xxti.
1148 5028 1261 5075 ceterum
1272 5028 1400 5095 postquam
1415 5029 1510 5091 srunpbn
1528 5040 1596 5074 cinna
1615 5025 1708 5075 modica
1728 5026 1751 5073 in
1770 5036 1807 5071 su·

1023 5128 1106 5163 mnam
1121 5114 1179 5175 lapsi
1190 5127 1292 5173 sitinus,
1308 5115 1437 5165 insomnis
1457 5115 1514 5164 atrilii
1529 5114 1640 5176 apparuit
1658 5113 1758 5175 nitidam
1774 5126 1808 5159 sc·

195 5206 240 5259 το,
255 5182 289 5240 nd
310 5180 357 5258 μέν
372 5181 440 5240 ἄλλοι
456 5188 660 5267 κατεσκληκώς,
680 5191 828 5267 ἐπιγουνίδα
842 5192 868 5250 δέ
884 5193 975 5273 λείβει·
998 5210 1003 5247 t
1023 5215 1080 5262 ner,
1095 5200 1187 5261 reliquo
1195 5200 1292 5275 uiridem
1302 5214 1402 5265 conplere
1413 5201 1506 5251 aridus:
1519 5215 1602 5249 vorum
1611 5200 1732 5250 succincta
1744 5201 1811 5261 resta
