3890 5950
775 438 886 496 iirbbu
912 439 993 497 viu.

85 568 120 626 ἔτι
134 567 235 647 βαθείας
248 565 322 646 θπνιρ
337 565 423 624 πάντα
441 568 567 647 ίχαύσης,
585 569 753 647 ἀφικνοῦνται
767 568 802 633 είς
813 568 861 639 τὴν

85 654 186 734 Μίμφιν
198 654 243 712 καί
255 653 314 720 τούς
325 653 369 711 tui
378 657 431 712 τῶν
442 657 533 713 πυλῶν
541 658 630 734 ἡσυχῇ
641 654 862 727 διαναστήσαντες

84 741 125 797 καί
137 739 162 800 οί
171 763 235 806 τινες
249 732 299 798 είεν
312 740 428 808 εἰπόντες
441 765 469 800 τε
490 741 535 799 καί
554 741 755 820 γνωρισθέντες,
770 742 814 801 ἐπὶ
827 742 860 800 τδ

83 836 224 906 σατραπεῖαι
236 826 283 885 σύν
297 829 398 905 σπουδῇ
410 829 456 887 καί
468 829 603 908 άθορύύιυς
615 828 789 908 είσίρχονται.
806 829 860 891 Καί

59 936 70 970 s
83 915 138 981 τούς
151 912 198 989 μὲν
209 915 305 980 ἱππίας
320 918 334 972 6
348 916 458 991 Βαγώας
473 918 552 975 αὐτοῦ
562 917 687 975 κατίλιπε
698 920 751 983 τοῖς
763 938 860 997 σατρα·

82 1004 158 1069 πείοις
181 1004 207 1060 ἐν
225 1003 314 1082 κύκλῳ
332 1002 505 1079 περιστήσας,
527 1008 562 1071 άις
585 1005 609 1063 εί
632 1028 670 1070 τις
692 1004 737 1062 καί
761 1003 861 1081 γίνοιτο

82 1090 226 1157 ἀντίστασις
246 1089 420 1169 ηὐτρεπίσθαι
434 1089 497 1165 πρδς
511 1091 630 1169 ἄμυναν,
651 1092 728 1159 αὐτὸς
743 1090 770 1149 δί
791 1092 860 1150 κατά

1636 452 1692 504 aut

910 578 999 638 bugues
1019 577 1101 626 autern
1121 580 1145 628 ct
1166 578 1260 641 equites
1281 592 1336 628 cum
1357 578 1398 628 iiio
1420 579 1483 629 missi
1507 580 1694 645 quiuqmginta,

907 664 984 713 muita
1000 667 1084 728 nocta,
1106 663 1191 716 somno
1211 667 1293 716 emnia
1311 662 1446 727 detinente,
1461 668 1593 731 idempbim
1607 682 1693 732 peure-

907 753 991 812 niuni,
1007 753 1099 803 etcum
1112 766 1167 815 cus,
1182 753 1306 818 quierant
1321 753 1351 803 ad
1363 756 1472 817 portam,
1483 754 1577 806 siicutio
1589 758 1692 808 excitas·

906 842 960 890 sent
971 842 997 890 et
1010 842 1111 904 quinam
1123 842 1202 892 essem
1211 842 1328 892 dixissent
1338 844 1363 892 et
1374 839 1463 904 cogniti
1471 846 1566 903 essent,
1577 844 1601 894 in
1612 846 1694 895 auiam

906 932 1010 992 satrapoe
1021 942 1122 993 propere
1135 931 1161 980 ei
1172 930 1223 980 sinc
1234 931 1343 980 tumultu
1354 930 1527 992 ingrediuntur.
1559 934 1591 982 Et
1600 933 1694 995 equites
1711 938 1719 967 ·'

906 1017 1004 1079 quidem
1019 1019 1110 1079 Bagoas
1125 1018 1158 1067 ibi
1177 1017 1303 1080 relinquit,
1317 1018 1439 1068 domicilia
1449 1021 1567 1081 satrapias
1582 1020 1629 1069 iiiia
1638 1020 1691 1070 cin-

906 1100 979 1166 gdus,
991 1107 1035 1167 ut,
1050 1106 1070 1155 si
1086 1107 1148 1156 toric
1162 1106 1287 1156 exsisteret
1297 1106 1385 1169 aliquis
1397 1106 1521 1156 resistendi
1533 1109 1645 1168 σοιιιιίιιι,
1661 1106 1692 1156 nd

81 1199 136 1234 τινα
157 1178 328 1257 παραπυλίδα
354 1178 406 1243 τοῖς
422 1180 527 1245 πολλοῖς
548 1180 724 1258 ἐγνωσμένην
749 1182 862 1245 ἀσθενεῖς
906 1191 1242 1257 defensionemcsscaiparaii.
1274 1194 1692 1257 lpsercroperquumdsmjanuam

80 1262 125 1329 τθς
148 1263 225 1342 θύρας
247 1263 427 1343 ἐκμαχλεύσας
447 1265 493 1323 καί
516 1269 555 1347 τῷ
571 1270 734 1326 κατοικοῦντι
760 1266 863 1346 φράσας
907 1278 1010 1329 vicinam
1028 1282 1117 1343 portce,
1134 1282 1241 1344 ignotum
1261 1282 1424 1343 multitudini,
1439 1295 1496 1331 curn
1510 1282 1616 1332 infirmas
1630 1283 1692 1333 iores

46 1370 67 1407 ru
80 1351 101 1409 θ’
123 1352 198 1409 αὐτὸν
221 1351 267 1411 καί
290 1362 393 1411 σιωπᾶν
415 1355 579 1430 ἐπιστείλας,
595 1359 629 1421 ὡς
653 1354 697 1412 τὸν
718 1354 860 1435 Εὐφράτην

80 1439 199 1519 ἐμπειρίᾳ
213 1439 260 1497 καί
273 1438 367 1516 γνώσει
384 1443 436 1498 τῶν
451 1441 538 1498 τόπων
553 1441 688 1518 ἔσπευδεν,
704 1442 761 1519 άμα
777 1466 803 1500 τι
816 1443 861 1500 καί

79 1532 123 1598 τῆς
134 1528 245 1598 σελήνης
265 1527 322 1585 τότε
345 1527 438 1607 μικρὸν
452 1531 660 1606 θπαυγαζούσης.
705 1530 758 1590 Καὶ
775 1555 862 1589 κατα-

78 1614 165 1673 λαύὼν
187 1614 232 1674 ίπλ
246 1619 293 1687 τῆς
316 1618 405 1691 εὐνῆς,
429 1616 559 1697 άφύπνισί
572 1641 600 1675 τε
614 1619 658 1677 καί
674 1617 861 1697 θυρυύούμενον

79 1704 122 1759 καί
143 1702 180 1769 τίς
203 1695 293 1779 αὐτος,
322 1707 440 1781 βοῶντα,
465 1704 622 1763 κατίσταλλε
644 1705 769 1782 Βαγώας,
794 1704 861 1783 ἐγὼ,

46 1806 65 1843 ιο
79 1789 176 1868 λέγων,
202 1788 273 1849 ἀλλὰ
296 1794 349 1872 φῶς
372 1789 446 1861 ίίιιειν
467 1791 625 1871 πρόσταττε.
671 1791 861 1871 Προσκαλεσά-

79 1899 152 1948 μενος
172 1877 203 1949 δή
226 1902 252 1935 τι
273 1877 410 1959 παιδάριον
433 1883 484 1938 τῶν
505 1880 743 1959 προσεδρευόντων,
766 1879 861 1958 λύχνον

78 1961 192 2043 ἅψασθαι
205 1963 265 2032 τούς
286 1964 379 2031 ἄλλους
393 1964 508 2025 ἐάσαντα
527 1965 660 2025 καθεύδειν
674 1966 859 2047 προσέταττεν.

79 2046 185 2123 Ἐπειδὴ
207 2050 230 2109 δ’
245 2041 307 2122 ἧκεν
322 2053 337 2107 6
354 2060 416 2117 παῖς
429 2053 474 2110 καί
489 2053 557 2110 κατίι
572 2053 619 2124 τὴν
635 2054 781 2132 λυχνοῦχον
800 2053 860 2128 (τὸν

77 2136 183 2217 λύχνον)
196 2137 307 2211 ίπιθείς,
320 2137 444 2215 μετίστη,
457 2141 568 2220 [τοῦτο]
581 2140 668 2219 ἔλεγεν
680 2145 693 2199 6
707 2140 860 2221 Εὐφράτης·

44 2236 68 2273 ²⁰
78 2225 112 2284 Τί
135 2228 186 2307 ἄρα
208 2225 298 2286 καινὸν
320 2226 442 2304 ἀγγέλλει
457 2228 538 2295 πάθος
560 2234 576 2301 ἡ
602 2228 726 2308 αίφνίδιός
748 2251 795 2287 σου
815 2224 860 2285 καί

79 2314 269 2394 ἀπροσδόκητος
284 2312 383 2393 άφιξις,
398 2317 412 2372 6
426 2315 465 2387 δὲ,
486 2317 527 2374 Οὐ
539 2318 659 2388 πολλῶν,
675 2314 739 2397 ἔφη,
761 2313 800 2374 δεῖ
812 2315 858 2372 λά-

78 2425 145 2478 γων,
159 2403 227 2461 itit
241 2403 313 2461 τουτί
335 2405 364 2460 τὸ
378 2405 491 2484 γράμμα
506 2404 684 2482 ἀναγίγνωσκε
700 2402 800 2476 λαύὼν,
815 2406 860 2461 καί

78 2488 128 2564 πρά
141 2513 171 2567 γε
184 2491 277 2548 τούτου
291 2493 337 2562 τῆς
352 2490 491 2570 σφραγίδος
507 2494 670 2569 τούπίσημον
685 2491 858 2570 άναγνώριξε,

78 2576 122 2632 καί
141 2581 175 2644 θις
197 2577 373 2656 Ὀροανδάτης
387 2579 458 2636 ἐστίν
471 2581 486 2636 6
499 2576 612 2638 κελεύων
627 2578 748 2649 πίστευε,
767 2578 811 2635 καί
826 2577 859 2634 τδι

42 2673 65 2711 ²⁵
79 2664 259 2740 intercipias
273 2674 388 2744 πρᾶττε,
410 2665 483 2723 νυκτί
506 2665 550 2724 καί
569 2666 645 2745 τάχει
660 2665 810 2744 συμμάχοις
825 2666 860 2730 είς

77 2750 106 2807 τὸ
120 2754 208 2811 λαθεῖν
223 2751 422 2829 ἀποχρώμενος.
467 2755 501 2812 Ei
513 2754 540 2811 δέ
551 2753 597 2811 καί
606 2753 640 2811 τά
654 2752 719 2832 πρὸς
730 2751 859 2831 Ἀρσάκην

906 1380 981 1428 paruo
999 1370 1094 1431 negotio
1112 1372 1225 1420 emolitus
1236 1371 1333 1430 irrisset,
1353 1371 1410 1420 etei
1424 1371 1466 1433 qui
1486 1371 1517 1421 ibi
1530 1371 1653 1422 inbtiabct
1666 1384 1692 1422 sc

907 1455 1046 1516 iudicasset,
1058 1461 1132 1517 atque
1146 1461 1174 1507 ut
1193 1458 1288 1507 siteniio
1301 1461 1420 1520 premeret
1431 1458 1586 1521 imperasset,
1601 1460 1631 1509 ad
1642 1463 1690 1510 Eu·

907 1545 1016 1606 pictatem
1027 1543 1200 1596 consuetudine
1208 1547 1232 1604 ct
1240 1544 1323 1609 peritia
1332 1546 1439 1597 iocorum
1447 1549 1604 1611 accelerabat,
1612 1547 1692 1599 adbuc

906 1638 978 1687 etiam
998 1642 1050 1688 tum
1064 1621 1199 1701 paotiuium
1222 1639 1316 1689 iucenie
1332 1639 1397 1688 iuna.
1429 1642 1543 1703 cumque
1564 1640 1631 1691 ilium
1651 1640 1691 1693 de

906 1731 1068 1793 prehendisset
1080 1733 1105 1781 iu
1121 1733 1197 1794 tecto,
1211 1733 1325 1783 excitavit
1338 1750 1352 1782 e
1363 1747 1448 1783 somno
1463 1736 1487 1784 ct
1502 1735 1692 1785 tumultuantem

905 1829 943 1884 et,
958 1825 1019 1882 Quis
1032 1824 1071 1874 tric
1091 1830 1141 1887 esi,
1163 1828 1325 1887 clamantem,
1345 1828 1493 1891 compescuit
1506 1830 1610 1890 Bagoas,
1625 1832 1692 1892 Ego,

906 1912 1004 1973 dicens;
1023 1912 1065 1962 sed
1086 1913 1167 1962 lumen
1185 1913 1265 1963 aiterri
1278 1912 1345 1975 iube.
1378 1915 1501 1964 Advocato
1517 1915 1589 1979 igitur
1602 1930 1692 1979 puero,

905 2004 947 2066 ιμιί
959 2007 1012 2054 erat
1023 2005 1118 2055 assidue
1136 2006 1200 2056 circa
1214 2007 1299 2067 iilum,
1320 2007 1436 2070 lychnum
1447 2008 1592 2071 accendere,
1610 2011 1644 2060 ita
1665 2016 1692 2062 ut

905 2099 965 2147 aiios
987 2098 1093 2149 dormire
1113 2100 1217 2160 sineret,
1239 2100 1317 2162 iussit.
1352 2104 1436 2152 Postea
1455 2115 1515 2153 νειο
1533 2117 1606 2167 uuum
1626 2105 1692 2155 venit

906 2194 999 2254 puerei
1010 2193 1035 2241 tn
1046 2192 1218 2243 candelabrum
1231 2193 1343 2257 imposito
1353 2194 1442 2256 lychno
1451 2195 1572 2256 discessit,
1584 2199 1692 2259 Euptrra·

905 2290 941 2336 tes
952 2288 1047 2337 ‹bcebat
1060 2303 1067 2337 ε
1080 2288 1201 2347 Quidnam
1213 2289 1357 2339 catamitaits
1368 2301 1438 2338 nurse
1448 2290 1567 2351 portendit
1576 2293 1634 2340 tuus
1648 2304 1691 2340 su-

905 2380 970 2431 bitus
992 2384 1016 2431 et
1039 2382 1177 2443 inopinatus
1198 2382 1332 2431 adrentus?
1346 2382 1389 2431 tite
1409 2384 1507 2443 cutem,
1529 2384 1582 2432 Non
1596 2383 1692 2444 multis,

905 2475 997 2538 inquit,
1016 2475 1096 2525 verbis
1113 2478 1150 2525 est
1166 2488 1240 2537 opus,
1260 2474 1302 2524 sed
1321 2474 1364 2524 bes
1382 2474 1462 2524 iiteras
1475 2478 1586 2537 acceptas
1602 2476 1653 2537 tego
1666 2480 1691 2527 ei

904 2573 960 2618 autc
973 2569 1020 2617 boc
1029 2568 1108 2631 ipsum
1118 2568 1255 2630 symbolum
1266 2566 1325 2627 signi
1342 2578 1471 2627 cognosce,
1482 2568 1506 2616 et
1517 2566 1582 2629 quod
1594 2570 1690 2616 oroon·

904 2660 972 2710 dates
990 2661 1023 2710 sit
1041 2661 1074 2719 ts,
1094 2661 1137 2722 qui
1155 2659 1198 2709 dat
1212 2659 1339 2719 mandato,
1355 2658 1427 2708 tidem
1440 2658 1504 2708 irsbe
1516 2661 1540 2708 et
1559 2671 1615 2721 quoe
1625 2661 1691 2720 jussit

904 2756 961 2803 seint
977 2767 1124 2816 exsequere,
1140 2755 1210 2803 utens
1222 2756 1293 2802 nocto
1305 2756 1330 2802 et
1347 2752 1469 2803 ceieritstc
1487 2752 1629 2814 comitibus,
1642 2766 1691 2815 qno

77 2837 260 2913 ἐπεσταλμένα
287 2838 420 2905 λυσιτελὲς
448 2840 603 2912 ἀποδοῦναι,
636 2839 761 2918 πρότερον
783 2838 861 2905 αὐτὸς
905 2847 1072 2909 magisiaicss.
1106 2852 1142 2896 Λιι
1156 2859 1214 2896 nero
1229 2846 1370 2907 conueniat,
1390 2846 1435 2896 ista
1447 2846 1689 2908 Amcoedcctarare,

77 2923 213 2998 δοκίμαζε.

114 3010 172 3071 ΙΙ“’.
197 3008 404 3085 Ὗπυδεξάμενος
417 2998 462 3070 ούν
473 3015 488 3070 6
504 3012 644 3092 Εὐφράτης
657 3010 703 3078 τδς
712 3011 859 3084 ίπιστολδις,

40 3110 64 3150 ³⁰
77 3099 119 3156 καί
142 3096 291 3176 u’‘dimin“
313 3096 437 3169 δῑῑλθὼνι
461 3097 577 3178 'stiffi
594 3098 657 3176 ptr,
681 3099 749 3178 ipa,
774 3098 860 3166 ἄλλως
904 3128 1032 3188 utramque
1051 3125 1222 3189 percurrisset,
1237 3131 1326 3175 Arsace
1338 3125 1453 3189 quidem,
1471 3126 1565 3189 inquii,
1584 3127 1687 3188 lugebit,

76 3182 98 3241 τ’
111 3185 219 3261 οἰμώξει
240 3185 285 3242 καί
300 3183 329 3242 τὸ
346 3186 429 3265 παρὸν
444 3187 471 3244 ἐν
489 3187 609 3266 ἐσχάταις
632 3186 730 3264 διάγει,
748 3191 859 3265 πυρετοῦ

75 3295 141 3340 τινος
154 3272 243 3351 ὥσπερ
259 3272 386 3342 θεηλάτου
399 3278 446 3344 τῆς
460 3274 615 3352 προτεραίας
627 3275 802 3355 ἐνσκήψαντος
813 3274 859 3333 καί

76 3359 170 3438 θέρμης
181 3360 264 3429 ὀξείας
274 3360 490 3439 ὑποδραμούσης,
500 3363 545 3421 καί
557 3365 591 3427 είς
603 3365 677 3442 δεῦρο
686 3361 858 3443 κατεχούσης,

76 3448 163 3525 ὀλίγας
192 3451 239 3506 τοῦ
264 3447 428 3528 περιέσεσθαι
451 3449 497 3515 τδις
521 3448 627 3516 ἐλπίδας
653 3450 858 3524 ἐνδεικνυμένην.

39 3550 63 3589 us
78 3534 149 3613 Ἐγὼ
162 3538 185 3594 δ’
210 3535 241 3593 διν
262 3536 337 3593 ταῦτ’
352 3536 410 3594 οὐδὲ
432 3537 566 3617 ἐρρωμίνη
587 3538 687 3607 ίδωιεα,
710 3542 802 3597 θᾶττον
826 3537 858 3595 ἂν

77 3620 293 3702 πρααποθανούσῃ
319 3621 364 3681 καὶ
389 3627 459 3699 ἡμᾶς
482 3625 697 3705 συναπολεσάσῃ,
720 3621 736 3696 ἢ
762 3623 857 3695 ίκούση

846 3692 851 3705 ά

76 3708 134 3775 τούς
151 3708 223 3775 νίους
245 3704 369 3787 ἐκδούση.
412 3710 451 3769 Σίν
469 3712 491 3768 δ’
506 3714 542 3778 είς
556 3711 646 3791 καιρὸν
661 3709 734 3782 ἥκων
748 3711 800 3771 ἴσθι
814 3735 858 3770 και

76 3795 263 3875 ὑποδεξάμενος
278 3796 325 3874 άγε
340 3794 398 3864 τούς
411 3796 494 3863 ξένους
508 3798 554 3857 καί
569 3799 615 3871 τὴν
630 3801 666 3866 είς
680 3799 790 3876 δύναμιν
805 3803 859 3859 ἐπι·

77 3884 178 3964 κουρίαν
203 3883 345 3946 σύσπευδε.
390 3883 444 3945 Καί
467 3887 584 3945 κατελίει
606 3886 735 3953 παντοίως
755 3887 858 3954 άθλίαυς

39 3985 64 4023 ιο
80 3968 125 4043 μὲν
137 3971 215 4037 ὄντας
229 3970 273 4029 καί
287 3970 479 4048 κακοδαίμονας
492 3973 537 4031 καί
551 3973 643 4052 μυρίας
658 3973 744 4039 αἰκίας
757 3973 802 4031 καί
814 3998 857 4032 κα·

77 4058 173 4130 λάσεις,
189 4056 248 4117 ούτι
262 4056 364 4125 ἑκόντος
377 4062 441 4134 ἐμοῦ
457 4059 628 4135 κελευομίνου
643 4060 670 4119 δί
684 4061 747 4140 πρδς
762 4060 857 4140 Ἀρσά-

77 4169 137 4218 κης,
148 4146 329 4218 ὑποστάντας,
346 4148 431 4205 τάλλα
443 4147 486 4219 δὲ,
499 4151 533 4213 ὡς
545 4147 645 4221 ίοιιιεν,
660 4139 688 4206 εὐ
702 4148 856 4225 γεγονότας,

77 4236 121 4292 καὶ
136 4238 200 4306 circi,
217 4234 294 4314 resipui
307 4257 351 4311 μοι
365 4235 410 4293 καὶ
424 4234 457 4292 τδι
469 4234 532 4315 ἔργα
541 4235 708 4316 παρέστησαν
724 4235 756 4294 τὰ
771 4235 857 4293 πάντα

78 4319 220 4402 σώφρονας.
263 4321 317 4382 Καὶ
333 4321 389 4396 άμα
411 4321 510 4401 λέγων,
527 4315 588 4401 ίίγεν
612 4323 657 4381 ίπί
672 4322 702 4379 τὸ
719 4321 857 4398 δεσμωτή-

905 2940 972 3003 prius
985 2946 1065 2988 tecum
1080 2940 1130 3002 ipse
1144 2939 1236 2988 roiuta.

934 3034 1000 3082 11111.
1019 3034 1080 3081 cum
1105 3032 1186 3095 itaque
1208 3032 1342 3094 Euphrates
1365 3030 1494 3093 accepisset
1517 3031 1642 3095 epistolas,
1666 3036 1691 3083 et

904 3223 928 3270 et
938 3219 962 3268 in
972 3220 1099 3283 picentia
1110 3225 1146 3271 cst
1156 3221 1181 3269 1ιι
1189 3222 1299 3270 extremo
1311 3219 1431 3282 periculo,
1444 3232 1502 3268 cunr
1515 3218 1573 3269 iebri
1585 3219 1690 3282 quadam

903 3319 1019 3377 tanquam
1037 3314 1153 3364 divinitus
1168 3313 1274 3364 immissa
1291 3312 1367 3376 pridie
1385 3316 1476 3364 tentata
1490 3314 1552 3363 esset
1565 3316 1590 3363 et
1605 3316 1691 3363 acutus

904 3408 968 3457 catur
979 3407 1146 3471 successisset,
1159 3409 1201 3471 qui
1214 3407 1281 3457 iiiam
1298 3408 1414 3456 tractenus
1429 3406 1532 3466 detinet,
1544 3408 1569 3455 et
1578 3406 1689 3469 exigimur

903 3515 983 3565 spem,
1002 3503 1067 3565 quod
1083 3506 1205 3565 superstes
1222 3515 1273 3551 csse
1291 3502 1379 3564 possit,
1394 3500 1515 3564 relinquit.
1548 3502 1597 3563 itge
1608 3504 1690 3551 autem

904 3598 946 3647 baa
956 3611 987 3646 ne
998 3598 1088 3647 scienti
1099 3596 1197 3662 quidem
1215 3597 1312 3658 darem,
1325 3609 1381 3659 quae
1399 3597 1478 3658 potius
1494 3597 1544 3659 ipsa
1558 3598 1691 3647 moreretur

849 3714 855 3733 ι
903 3695 927 3742 et
947 3704 991 3741 nos
1002 3705 1050 3740 una
1069 3692 1194 3754 perderet,
1209 3704 1282 3755 quam
1297 3694 1383 3755 sponte
1402 3691 1499 3751 iuvenes
1519 3689 1563 3739 tros
1574 3689 1689 3739 traderet.

903 3789 940 3836 'tu
952 3799 1010 3835 vero
1025 3786 1100 3847 scius,
1118 3792 1142 3836 tc
1153 3799 1196 3850 per
1215 3789 1311 3850 tempus
1328 3785 1454 3836 advenisse
1464 3787 1489 3834 et
1500 3785 1610 3844 acceptos
1622 3794 1688 3842 pere·

902 3883 982 3944 grinos
993 3881 1117 3944 abducas,
1129 3896 1158 3933 ac
1172 3897 1216 3947 pro
1228 3883 1291 3932 viriii
1304 3884 1372 3945 perte
1383 3880 1414 3929 ad
1425 3878 1546 3929 auritium
1555 3876 1600 3924 iltis
1613 3876 1688 3923 seren·

903 3975 962 4026 dum
973 3975 1082 4026 studium
1093 3981 1164 4026 tuum
1174 3977 1266 4026 είῐαιεε.
1300 3978 1335 4024 λυ
1344 3973 1456 4022 miserere
1467 3971 1564 4019 iiiorunr
1575 3968 1688 4027 omnino,

902 4071 944 4133 qui
954 4072 1035 4121 miseri
1048 4077 1106 4121 sunt
1118 4075 1143 4122 et
1155 4071 1260 4119 intciiccs
1270 4070 1295 4119 et
1306 4070 1434 4118 sescentos
1444 4065 1567 4115 cruciatus
1581 4065 1689 4113 tormen·

903 4168 991 4226 taque,
1003 4179 1043 4215 me
1054 4165 1152 4227 quidem
1164 4163 1252 4223 inuito,
1265 4165 1373 4212 ceterum
1383 4160 1415 4209 cb
1427 4167 1514 4209 Arsace
1525 4159 1606 4219 jusso,
1615 4159 1689 4207 sosb-

903 4260 1009 4307 nuerunt
1025 4256 1145 4318 εεΙίαιμιΙ,
1160 4259 1188 4305 ut
1209 4255 1313 4316 ridetur,
1329 4255 1393 4303 bono
1408 4264 1493 4314 genere
1507 4251 1571 4312 uati,
1586 4252 1611 4299 et
1623 4251 1689 4313 qood

903 4363 943 4399 ure
957 4364 995 4399 res
1012 4351 1064 4412 ipss
1078 4352 1102 4399 ei
1121 4348 1268 4411 experientia
1285 4346 1369 4395 docuit
1381 4343 1494 4394 omnibus
1509 4343 1533 4393 tn
1546 4343 1617 4394 rebus
1633 4356 1688 4393 nno·

39 4424 64 4462 ⁴⁵
79 4430 140 4483 θῦν·
182 4410 218 4470 Ὁ
233 4408 281 4485 μὲν
296 4409 327 4480 δὴ
345 4409 456 4488 Βαίώαύ
470 4409 531 4485 ίδὼί
551 4410 608 4477 τοὺς
631 4411 702 4476 *ἕως
723 4409 859 4484 δεσμώτας
902 4443 981 4492 ι1εε11.ι
1006 4446 1086 4504 iscire
1102 4441 1237 4498 1ιοαε11ε1ο,
1252 4438 1356 4488 ducebat
1370 4436 1470 4488 eumad
1484 4439 1689 4499 cresceremus·

78 4496 121 4552 καί
133 4498 206 4554 ταῦτ’
222 4496 273 4568 ἤδη
288 4496 332 4555 καί
345 4496 411 4575 πρὸς
425 4499 476 4556 τῶν
492 4498 613 4577 βασάνων
629 4496 855 4576 τετρυχωμίνους,

79 4584 243 4656 ἐκπίπληκτο
257 4589 302 4641 τοῦ
321 4584 445 4662 μιγίθαυς
465 4584 522 4663 ἅμα
545 4585 590 4643 καί
613 4585 735 4649 κάλλους.
776 4586 812 4644 Οί
830 4585 858 4642 δέ

79 4674 146 4729 ταῦτ’
163 4674 246 4735 ἐκεῖνα
259 4662 324 4730 εἶναι
339 4673 491 4749 νομίσαντες
506 4672 551 4732 καί
573 4673 637 4753 άωρί
653 4671 712 4739 τούς
734 4671 792 4752 περί
813 4694 857 4730 ταν

81 4757 190 4835 Βαγώαν
206 4758 281 4831 ἥκειν
294 4761 342 4832 τὴν
363 4761 406 4821 iri
423 4762 526 4844 θανάτῳ
540 4760 604 4841 [καί
618 4759 665 4830 τὴν
686 4757 856 4829 τελευταίαν]

41 4855 66 4893 ⁶⁰
80 4843 238 4925 ἀπάξοντας,
264 4851 299 4915 είς
324 4848 408 4928 βραχθ
424 4849 471 4924 μίν
493 4847 714 4928 διεταράχθησαν,
737 4834 784 4902 εἶτ’
799 4846 858 4902 άνε·
1444 4909 1449 4920 ι
1530 4910 1535 4921 ⁸
1666 4911 1672 4922 ·

818 4931 858 4990 ὅτ,
903 4917 1078 4976 abducturum,
1098 4911 1232 4977 pauiiutum
1245 4914 1303 4961 siunt
1317 4910 1459 4974 perturbati.
1495 4909 1584 4960 Deinde
1599 4913 1688 4971 erecta,

78 4933 221 5008 νεγκύιτες,
240 4936 326 5017 ἱλαρῷ
339 4935 384 4993 καί
399 4934 579 5015 διακιχυμίνιρ
600 4937 639 5015 τῷ
654 4932 803 5011 βλίμματι,

903 4539 983 4585 terum
1003 4537 1110 4595 Bagoas,
1131 4546 1187 4582 ειιιιι
1206 4530 1302 4580 uidisset
1319 4531 1420 4591 iuuenes
1438 4530 1558 4590 captivos,
1579 4530 1689 4590 quamvis

830 4670 837 4692 ,
901 4628 950 4690 iarn
964 4626 1111 4676 cruciatibus
1121 4625 1263 4683 exhaustos,
1278 4623 1403 4686 obstupuit
1414 4622 1572 4672 admiratione
1582 4624 1686 4686 proceri·

902 4725 958 4774 tatis
971 4727 995 4771 et
1010 4720 1201 4785 pulchritudinis.
1237 4718 1274 4768 iiii
1289 4721 1384 4780 auteur,
1402 4718 1448 4767 boc
1462 4716 1521 4767 iitud
1536 4731 1587 4768 esso
1604 4719 1687 4769 existi·

903 4822 1010 4877 mantuo,
1025 4819 1167 4879 intempesta
1179 4816 1250 4864 noete
1264 4817 1366 4876 Bagoam
1379 4811 1473 4872 venire,
1487 4811 1518 4861 ad
1531 4814 1633 4863 mortem
1645 4826 1688 4863 eos

80 5023 274 5100 ἀγρηητωτοησ,
297 5022 343 5080 καὶ
364 5023 462 5080 πχγωα
486 5022 640 5102 χαίρων,
665 5021 782 5092 ἐπίδηλος
804 5020 858 5087 τοῖς
904 5017 960 5064 tinto
981 5017 1005 5063 et
1024 5012 1093 5061 iriiuri
1108 5010 1194 5070 voitu,
1212 5008 1277 5070 quoii
1289 5008 1348 5057 nibil
1363 5008 1476 5057 curarent
1490 5009 1514 5057 et
1527 5007 1601 5071 magis
1621 5006 1688 5056 inta-

78 5113 203 5186 παροῦσιν
218 5109 356 5186 ἐγίγνοντο.
399 5107 471 5182 Ἤδη
494 5114 556 5188 γοῦν
577 5111 628 5166 τῶν
652 5106 713 5186 περί
733 5106 777 5164 τθν
802 5109 858 5174 Εὐ-

904 5112 997 5165 rentur,
1009 5105 1162 5155 ruaniiestum
1172 5101 1286 5152 indicium
1300 5102 1328 5149 iis
1337 5101 1378 5162 qui
1391 5100 1490 5150 aderaut
1502 5101 1599 5152 dabant.
1632 5103 1688 5151 Jeru

79 5196 177 5271 ρράτην
204 5198 399 5269 πλησιαζόντων
424 5201 468 5258 καί
492 5195 715 5277 ἐπιδραττομίνιιιν
739 5195 783 5251 καὶ
807 5195 859 5251 αἰπδ
879 5232 881 5243 .
904 5203 986 5249 autern
1006 5198 1129 5260 Eupbraie
1148 5196 1354 5259 appropinquante
1371 5198 1396 5244 et
1409 5195 1650 5245 suanusadniorcrrte
1664 5198 1689 5242 et
