3932 5946
853 464 966 524 brnen
990 462 1027 522 V.

1691 476 1753 528 297

129 598 224 676 πηγός,
238 601 260 655 εί
275 598 359 667 δοκεῖ,
375 599 495 666 κάκεῖνο,
509 592 603 668 μηκέτι
620 592 666 663 τὴν
683 593 791 672 ζάκορον
806 593 918 672 διναφαί·
965 602 983 649 si
995 599 1099 659 videtur,
1112 602 1136 647 el
1151 598 1221 659 illud,
1235 600 1262 647 ul
1274 612 1321 648 nort
1333 600 1436 660 avvrplins
1446 602 1522 648 lacem
1533 601 1649 651 accendat
1663 604 1752 653 meliton

130 694 250 748 verveci<
268 684 297 742 τὸ
316 683 433 742 ἐνόπλων
454 682 603 759 τρέχουσιν.
646 680 696 748 Ὡς
711 681 761 760 γάρ
781 681 836 759 ἐχω
854 704 919 755 συμ-

130 773 237 845 ὅαλείν,
250 773 347 829 ἐκεῖθεν
363 775 381 841 ἡ
397 768 467 849 ἀρχὴ
482 770 610 847 Θεαγένει
628 772 674 839 τῆς
686 768 807 833 ἀσεόείας
822 767 919 847 ἐξήφθη

131 863 180 919 καί
194 860 240 930 τὴν
257 858 391 937 ἁρπαγὴν,
411 862 446 924 ὡς
460 856 551 928 ἔοικεν,
565 859 595 914 ἐκ
615 861 660 927 τῆς
674 856 780 935 πρώτης
797 856 855 922 tte<
866 859 920 915 ἐνε-

103 977 117 1011 1,
131 948 248 1023 θυμήθη.
295 945 382 1005 Καλὸν
397 934 441 1001 σ’ύν
453 944 614 1023 περιγράψαι
625 944 669 1001 τὸν
682 942 739 1013 ἑξῆς
753 943 857 1021 χρόνον,
873 942 920 1013 τὴν

131 1036 227 1111 ὁμοίαν
252 1036 328 1091 τινῶν
351 1030 526 1110 ἐπιχείρησιν.
578 1030 624 1096 Ὡς
645 1031 671 1089 δὲ
693 1030 739 1088 καλ
765 1036 848 1087 ταῦτα
873 1039 920 1109 μιᾷ

132 1122 215 1201 ψήφῳ
228 1120 274 1177 καὶ
284 1119 354 1198 χειρὶ
369 1123 401 1198 τῇ
414 1120 519 1175 πάντων
532 1116 684 1195 ἐκράτησεν,
698 1122 712 1176 θ
730 1117 776 1193 μὲν
789 1116 919 1192 Ἡγησίας

133 1210 221 1266 ἐδίδου
234 1211 280 1277 τῆς
292 1206 378 1273 ἐξόδου
390 1206 420 1263 τό
431 1204 551 1281 σύνθημα
563 1205 607 1262 καὶ
621 1200 764 1280 πολεμικὸν
778 1209 794 1275 ἡ
808 1203 920 1279 σάλπιγξ

132 1297 325 1370 ὑπεσήμαινεν,
342 1293 372 1351 τό
390 1291 416 1351 δὲ
437 1292 542 1371 θέατρον
564 1296 599 1359 είς
615 1292 657 1349 τόν
674 1291 788 1366 πόλεμον
810 1290 922 1349 διελύετο

93 1409 119 1442 ιιι
134 1384 181 1441 καί
196 1382 291 1459 δρόμος
305 1381 446 1446 ἀκάθεκτος
463 1380 514 1437 ἀπὸ
527 1384 573 1450 τῆς
587 1379 728 1450 ἐκκλησίας
744 1377 785 1434 ἐπὶ
805 1376 851 1447 τὴν
868 1379 919 1453 μά-

134 1494 186 1546 χην
201 1468 310 1538 ἠνύετο,
325 1469 354 1524 ού
369 1471 414 1536 τῆς
431 1466 539 1524 ἐνόπλου
552 1466 629 1541 μόνον
644 1466 688 1523 καὶ
710 1464 849 1544 ίσχυούσης
863 1468 921 1535 ἡλι-

134 1558 212 1628 κίας,
232 1554 300 1611 ella
315 1555 407 1612 πολλοὶ
421 1554 469 1627 μὲν
488 1554 580 1616 παῖδες
592 1552 637 1610 καί
658 1554 810 1631 άμφιόόλως
831 1553 922 1631 ἔφηύοι

134 1648 184 1716 τὴν
195 1642 342 1725 προθυμίαν
357 1645 392 1708 εἰς
407 1646 494 1717 ἀκμῆς
506 1641 658 1719 προσθήκην
672 1640 861 1715 ποιησάμενοι,
878 1645 923 1709 τῆς

135 1732 223 1798 ἐξόδου
244 1729 387 1807 μετασχεῖν
413 1727 511 1798 ἐκείνης
533 1728 713 1806 ἐθρασύνοντο.
765 1728 869 1786 ΙΙολλαὶ
896 1728 923 1784 δὲ

93 1844 120 1880 rs
135 1820 256 1897 γυναῖκες
277 1815 453 1894 ἀνδρειότερον
475 1818 521 1884 τῆς
540 1814 640 1894 φύσεως
665 1813 809 1893 ἐρρόνηααν
825 1815 870 1871 καὶ
893 1814 923 1871 τό

135 1906 285 1987 προστυχὸν
300 1907 335 1970 εἰς
348 1902 428 1963 ὅπλον
449 1904 649 1982 ἁρπασάμεναι,
666 1902 786 1978 μετέθεον
810 1902 922 1971 ἀντ’,νυτα

136 1998 182 2055 καί
193 1997 224 2053 τὸ
234 1998 299 2065 θῆλυ
312 1993 358 2051 καί
370 1996 464 2050 οἰκεῖον
474 1991 578 2058 ἀσθενὲς
588 1992 765 2070 ὑστερίζουσαι
778 1992 829 2047 τῶν
842 1990 923 2067 ἔργων

137 2083 283 2162 ἐγνώριζον.
329 2071 404 2147 Εἶδες
424 2079 456 2138 ἀν
479 2080 524 2138 καί
546 2078 693 2159 πρεσόύτου
714 2079 778 2156 πρὸς
796 2078 825 2135 τὸ
843 2082 924 2154 γῆρας

136 2172 237 2250 μάχην,
251 2172 296 2228 καὶ
310 2166 399 2247 ὥσπερ
414 2167 541 2226 ἐλκουσαν
556 2166 585 2225 τὸ
596 2170 673 2242 σῶμα
685 2166 732 2237 τὴν
748 2167 862 2225 διάνοιαν
878 2166 925 2221 καί

93 2282 123 2317 τυ
136 2258 326 2332 όνειδιζομίνην
341 2254 389 2326 τὴν
404 2255 537 2313 ἀσθένειαν
549 2255 600 2311 ὑπὸ
615 2258 659 2324 τῆς
676 2254 830 2332 προθυμίας.
868 2252 924 2311 Ού-

136 2370 187 2411 τως
207 2345 258 2425 ἀρα
277 2354 351 2402 πᾶσα
372 2348 388 2413 ἡ
413 2342 487 2408 πόλις
509 2343 674 2422 ὑπερήλγησε
696 2342 742 2413 τὴν
767 2343 925 2421 Χαρικλείας

136 2432 285 2513 ἀφαίρεσιν,
303 2430 349 2489 καί
369 2429 515 2510 dessein
529 2432 606 2489 πάθει
623 2429 780 2505 κεκινημένη
801 2429 864 2509 πρὸς
878 2430 924 2499 riv

137 2520 223 2589 δίωξιν
239 2519 358 2578 αύτοὺοελ
374 2518 418 2576 καί
434 2519 486 2576 οὐδ’
500 2518 601 2597 ἡμέραν
623 2518 806 2593 ἀναμείνασαι,
823 2516 923 2586 πάνδη-

137 2632 188 2684 μον
206 2606 287 2679 αὑτὴν
303 2609 445 2687 ἐπαφῆκεν.

462 2812 605 2830 ΜΟΊΙ.,’

339 2958 480 3024 ΛΟΓΟΣ
509 2957 730 3021 ΙΙΕΜΠΤΟΣ.

94 3160 122 3194 2»,
183 3130 224 3187 ll'.
241 3128 275 3187 ‘H
286 3127 332 3201 μὲν
344 3126 375 3197 δὴ
385 3128 484 3197 πόλιςὴ
495 3129 603 3205 Δελφῶν
611 3129 638 3183 ἐν
648 3126 746 3191 τούτοις
756 3118 786 3195 ἦν
797 3126 842 3182 καί
851 3126 925 3202 ἐδρα-

139 3217 214 3274 σενδ
231 3239 257 3271 τι
272 3214 303 3284 δὴ
318 3213 364 3271 κσλ
377 3213 496 3292 ἔδρασεν,
508 3215 536 3270 ού
553 3212 603 3291 γάρ
618 3210 672 3290 ἐχιυ
690 3211 852 3288 γιγνώσκειν,
868 3210 926 3285 ἐμοί

139 3305 169 3362 δὲ
179 3303 224 3360 τδν
237 3301 326 3382 καιρόν
341 3306 387 3372 τῆς
401 3305 483 3381 φυγῆς
495 3306 511 3371 ἠ
529 3300 633 3358 ἐκείνων
647 3300 774 3369 ἐπιδίωξις
789 3298 927 3369 ἐπίύαλεν,

140 3389 284 3448 ἀναλαύών
304 3413 331 3447 τε
350 3388 410 3455 τοθς
421 3388 491 3453 νέους
511 3379 574 3465 ἦγον
587 3388 630 3446 ἐπὶ
644 3388 785 3460 θάλατταν,
803 3389 881 3457 αὐτῆς
892 3390 926 3452 rb<

140 3467 213 3556 εἶχον
227 3480 272 3547 τῆς
284 3477 384 3546 νυκτός,
399 3474 548 3542 ἐνεύίύαζύν
564 3475 590 3531 τ’
604 3477 639 3541 εἶς
653 3474 700 3545 τὴν
720 3478 781 3531 ναῢν
796 3474 842 3544 τὴν
859 3472 926 3533 ‹bol-

96 3590 126 3627 so
141 3588 234 3624 νισσαν
250 3565 309 3644 ἄρτι
335 3564 367 3622 τδι
382 3562 533 3643 πρυμνήσια
555 3562 625 3621 λύειν
639 3564 794 3639 μελλουσαν·
818 3561 862 3620 καὶ
876 3562 926 3641 γάρ

141 3676 199 3719 ποις
214 3652 259 3710 καί
279 3651 371 3731 όρθρου
387 3650 477 3710 λοιπόν
499 3651 682 3729 ὑποφαίνοντος
696 3652 747 3709 οὐδ’
762 3649 926 3729 ὑπερδαίνειν

141 3740 224 3820 ᾤοντο
240 3740 284 3798 τθν
302 3739 366 3819 πρός
385 3763 417 3816 με
441 3737 516 3818 ὅρκον
537 3742 561 3796 oi
586 3738 723 3814 Φοίνικες,
744 3739 846 3817 ἡμέραν
862 3737 927 3820 [καὶ

142 3826 247 3906 νύκτα]
261 3831 400 3904 ἀναμεῖναι
419 3826 496 3901 μόνον
515 3824 675 3900 συνθέμενοι.
719 3825 786 3884 Δίαν
806 3818 849 3883 niv
861 3826 925 3904 χαί·

144 3939 230 3994 ροντες
251 3915 361 3987 ἥκοντας
377 3919 446 3989 ἡμᾶς
461 3911 642 3991 ὑποδέχονται.
686 3912 740 3973 Καὶ
760 3918 926 3993 παραχρῆμα

99 4029 128 4065 aa
143 4004 256 4077 λιμένων
274 4003 347 4068 ἐκτὸς
366 4005 410 4059 ὑπ’
432 4001 519 4081 ἐρεσίορ
541 4000 571 4058 τὸ
585 4004 688 4079 πρῶτον
701 4000 838 4078 ἀνήγοντο·
851 4004 886 4067 ὡς
900 4001 926 4058 δὲ

143 4091 213 4149 λείου
227 4090 374 4166 πνεύματος
388 4093 417 4147 ἐκ
426 4094 473 4166 γῆς
488 4088 698 4167 προσπνεομένου
710 4088 780 4164 κῦμα
789 4088 926 4166 χθαμαλὸν

145 4177 273 4257 ὑπέτρεχέ
287 4200 314 4235 τε
333 4176 379 4234 καλ
396 4168 448 4234 οἷον
471 4174 618 4254 προσεγέλα
634 4179 666 4253 τῇ
690 4175 808 4254 πρύμνη,
822 4175 879 4249 τότε
895 4174 925 4245 δὴ

143 4265 191 4335 τὴν
201 4270 263 4324 ναῦν
275 4272 327 4331 τοῖς
340 4262 430 4330 ἱστίοις
451 4263 586 4343 ὑποφέρειν
611 4261 763 4341 ἐπέτρεπον.
809 4265 926 4339 Κιρραῖοι

145 4352 193 4428 μὲν
215 4351 247 4423 δὴ
271 4351 363 4410 κολποι
382 4350 427 4408 καὶ
443 4353 601 4428 Παρνασσοῦ
620 4350 747 4427 πρόποδες
771 4349 885 4407 Αἰτωλοί
900 4372 927 4407 τε

102 4441 190 4502 lusci
215 4436 378 4500 Καλυδώνιοι
405 4439 527 4497 σκόπελοι
553 4436 660 4513 μονονοὺ
686 4436 857 4511 διιπταμένην
880 4436 926 4506 τὴν

144 4526 245 4585 δλκάδα
258 4526 465 4605 παρημείόοντο,
481 4530 555 4595 νῆσοι
568 4525 590 4582 δ’
606 4523 705 4592 Ὀξεῖαι
717 4522 762 4580 καί
778 4527 870 4601 σχῆμα
882 4524 928 4581 καλ

145 4616 238 4686 ὄνομα,
252 4613 369 4671 θάλαττά
387 4636 415 4671 τε
431 4614 585 4683 Ζακύνθιος,
605 4612 663 4689 ἀρτι
681 4611 745 4690 πρὸς
766 4610 837 4667 δύσιν
853 4611 928 4681 ἡλίου

145 4701 278 4776 νεύοντος,
291 4700 469 4781 ἀνεφαίνοντο.
514 4697 592 4757 ’Λλλθι
605 4699 629 4756 τί
641 4701 714 4754 ταῦτ’
726 4698 791 4776 ἀωρὶ
804 4697 927 4775 μηκύνυι;

146 4790 170 4847 τί
185 4788 212 4846 δέ
222 4789 342 4847 λανθάνω
350 4787 464 4864 ἐμαυτὸν
475 4787 520 4846 καί
533 4790 601 4862 ὑμᾶς
610 4786 656 4845 καὶ
664 4786 769 4844 ἐκτείνοι
779 4786 826 4857 τὴν
837 4786 927 4863 διήγη-

105 4906 132 4940 rs
147 4901 197 4949 σιν,
210 4881 247 4943 εἰς
268 4877 381 4952 πέλαγος
402 4875 481 4941 ὄντως
495 4875 568 4955 ἀφεὶς
588 4879 638 4932 τῶν
660 4874 732 4946 ἐξῆςς
750 4874 859 4932 ἐνταῦθά
880 4898 929 4932 που

145 4964 277 5043 τὸνλόγον
292 4965 452 5043 ἐπίσχοιμεν,
474 4962 561 5039 ὀλίγον
573 4961 600 5019 δὲ
615 4962 660 5020 καί
679 4961 759 5020 ὑπνου
775 4964 927 5037 σπάσωμεν.

150 5055 181 5111 lli
197 5051 247 5129 γδιρ
259 5051 304 5109 καί
316 5052 375 5110 λίαν
394 5052 485 5118 ἄοκνος
499 5052 625 5129 ὑπάρχεις
639 5048 685 5119 riv
694 5050 783 5121 ἀκοὴν,
794 5051 838 5107 καί
849 5054 930 5128 ἐρρω-

148 5141 230 5213 μένοις
253 5139 384 5217 ἀπομάχη
410 5138 473 5217 πρδς
496 5138 539 5196 τὸν
561 5138 652 5210 ὑπνον,
677 5127 699 5193 ἀι
723 5138 847 5213 Κνήμων,
873 5140 928 5193 ἀλλ’

148 5226 263 5301 ἡγοῦμαί
275 5250 303 5283 σε
328 5226 418 5284 λοιπὸν
437 5226 563 5297 ὀκλάζειν,
579 5228 641 5302 ἐμοῦ
655 5228 788 5299 τάμαυτοῧ
805 5227 815 5301 ἱ
830 5226 901 5293 πάθη
920 5226 928 5287 ί

966 696 1014 755 bis,
1030 696 1071 756 qui
1087 708 1160 743 cursu
1173 694 1197 743 in
1211 694 1284 742 armis
1294 695 1395 743 certant.
1427 698 1552 751 Quantum
1560 696 1624 745 enim
1636 698 1754 757 conjicere

967 802 1075 851 ροσσυιιι,
1087 789 1142 839 inde
1152 791 1257 852 primum
1269 789 1407 849 Tireagenes
1416 790 1462 838 boc
1472 791 1563 840 lacinus
1575 793 1658 841 animo
1668 807 1753 843 correo

966 886 1000 946 pit
1015 888 1039 934 et
1052 885 1083 933 de
1093 886 1139 933 boc
1150 888 1234 947 raptu,
1247 889 1275 934 ut
1288 885 1393 943 videtur,
1407 885 1486 934 statim
1500 887 1577 946 primo
1583 890 1635 949 elus
1641 888 1753 950 adspectu

967 979 1088 1040 cogitarit.
1121 980 1259 1029 consultius
1268 980 1348 1041 itaque
1357 982 1407 1040 est,
1418 979 1494 1041 ipsam
1506 979 1531 1028 in
1541 992 1688 1041 consequeus
1697 986 1754 1031 lem·

967 1087 1012 1136 pus
1022 1073 1172 1122 occasionem
1184 1074 1238 1121 talis
1250 1072 1386 1135 aliquorum
1399 1076 1502 1125 conatus
1513 1073 1650 1134 praecidere.
1685 1077 1753 1124 Post-

967 1181 1040 1229 quam
1049 1170 1131 1216 alitem
1141 1168 1165 1215 et
1179 1167 1231 1215 baec
1238 1180 1288 1214 uno
1298 1166 1392 1215 calcnlo
1403 1169 1428 1214 et
1438 1179 1510 1213 manu
1522 1166 1630 1215 omnium
1641 1165 1753 1226 oblinrdl,

969 1262 1080 1323 llegesias
1089 1263 1169 1311 esitus
1179 1263 1272 1324 signnm
1283 1260 1369 1322 dabat,
1379 1259 1438 1309 tuba
1445 1260 1558 1310 bellicum
1568 1261 1677 1323 canebat,
1687 1264 1754 1311 thea-

968 1358 1033 1402 trum
1045 1356 1070 1403 ln
1081 1355 1172 1404 bellum
1183 1356 1359 1404 dissolvebatur
1368 1358 1392 1404 et
1402 1369 1486 1404 cursus
1495 1356 1585 1405 ellusus
1599 1370 1629 1405 ox
1640 1358 1755 1406 concione

969 1449 993 1496 in
1007 1449 1118 1510 praelium
1132 1448 1218 1510 tiebat,
1233 1462 1281 1497 non
1294 1450 1388 1497 tantum
1403 1448 1510 1497 robustae
1519 1452 1544 1497 et
1557 1454 1656 1499 armalru
1667 1454 1754 1511 retain,

968 1542 1008 1592 scd
1025 1543 1097 1592 edam
1111 1543 1181 1592 nlulti
1194 1544 1261 1605 pueri
1273 1546 1295 1592 et
1308 1545 1348 1592 vix
1362 1544 1479 1606 puberes,
1492 1546 1681 1607 promptitudine
1690 1548 1755 1609 quod

968 1635 1061 1685 deesset
1082 1636 1148 1685 retati
1169 1634 1297 1696 addentes,
1317 1636 1438 1686 audebant
1457 1636 1521 1685 lilius
1534 1637 1692 1699 expeditionis
1706 1653 1757 1687 esse

968 1731 1104 1792 participes.
1144 1730 1227 1779 Multae
1246 1742 1343 1793 quoqne
1363 1731 1476 1780 mulieres
1496 1731 1606 1781 tortiores
1621 1746 1694 1794 quam
1714 1748 1757 1796 pro

969 1827 1055 1872 natura
1072 1823 1166 1872 animos
1182 1822 1297 1884 gerebant
1309 1827 1334 1873 ct
1345 1838 1388 1883 eo,
1401 1824 1466 1886 quod
1480 1826 1568 1887 cuique
1586 1826 1631 1875 tull
1643 1828 1756 1887 obvium,

969 1932 1092 1967 armorum
1105 1920 1157 1967 loco
1171 1920 1281 1980 arrepto,
1298 1919 1462 1982 nequidquam
1480 1920 1685 1982 insequebantur:
1700 1937 1755 1972 sruc-

969 2030 1087 2078 cessuque
1099 2018 1235 2074 frustratae,
1247 2006 1373 2066 soriniacam
1385 2019 1470 2080 suique
1482 2033 1554 2069 sexus
1569 2020 1756 2071 imbecillitatem

969 2123 1140 2180 cognorerunt.
1173 2118 1278 2167 Vidisses
1291 2121 1315 2168 el
1332 2120 1395 2168 senis
1411 2134 1466 2168 eum
1478 2125 1601 2170 senectute
1618 2136 1721 2185 pugnam
1734 2129 1757 2173 el

969 2223 1094 2282 tamquam
1108 2220 1240 2269 trallentem
1256 2234 1344 2282 corpus
1357 2223 1464 2271 anirnnm
1483 2226 1507 2271 et
1519 2224 1552 2271 llli
1571 2237 1620 2284 praa
1635 2225 1719 2273 ardore
1733 2229 1757 2274 et

970 2320 1142 2382 promlitudine
1154 2319 1318 2368 infirmitatem
1332 2325 1358 2367 ul
1370 2320 1483 2381 probrum
1497 2320 1658 2381 objicientem.
1692 2326 1756 2371 Tan·

970 2422 1023 2466 tum
1043 2419 1142 2467 cruuluo
1156 2417 1263 2467 dolorem
1279 2416 1336 2464 urbs
1348 2419 1399 2465 tola
1417 2417 1480 2478 cepit
1494 2431 1523 2466 es
1540 2421 1610 2478 raptu
1625 2419 1756 2468 Citaricleru

970 2520 995 2566 ct
1006 2522 1129 2580 tanlquam
1142 2531 1190 2566 uuo
1202 2519 1288 2566 allecto
1300 2520 1435 2577 commota,
1448 2517 1477 2565 ad
1489 2519 1676 2578 persecutionem
1689 2533 1755 2578 mox,

971 2631 1001 2665 ue
1017 2617 1079 2665 diem
1091 2617 1187 2678 quidem
1203 2620 1357 2678 exspectans,
1371 2617 1482 2666 universa
1494 2631 1545 2667 sese
1556 2618 1648 2668 edrvdit.

1178 2952 1308 3057 llbble
1334 2951 1546 3036 Quintus,
1611 2954 1615 2963 ’

1003 3140 1021 3185 Ι.
1037 3137 1099 3185 Urbs
1112 3137 1183 3197 igitur
1195 3135 1341 3197 Delplrorum
1351 3135 1387 3183 bis
1396 3137 1448 3183 erat
1461 3136 1592 3195 occupata,
1607 3135 1755 3196 qudcumque

972 3223 1068 3273 lotidem
1084 3236 1208 3272 srrccessus
1230 3223 1313 3280 luerit,
1327 3220 1481 3283 nequeenim
1502 3223 1654 3282 compertum
1669 3222 1755 3269 babeo.

972 3311 1030 3361 blilli
1049 3325 1107 3360 vcro
1128 3310 1277 3359 occasionem
1292 3310 1354 3371 lugan
1369 3309 1467 3357 illorum
1488 3308 1620 3370 persecutio
1636 3309 1718 3356 allidit
1733 3313 1756 3356 et

971 3403 1090 3448 assumtus
1110 3399 1210 3461 juvenes
1233 3397 1351 3446 discebam
1372 3397 1403 3445 ad
1426 3409 1506 3457 attare,
1527 3399 1555 3445 nl
1575 3401 1656 3457 erant,
1674 3397 1756 3445 carlum

972 3492 1042 3537 nocte
1054 3490 1078 3536 et
1091 3486 1243 3548 imponebam
1256 3487 1281 3533 in
1295 3497 1381 3534 navem
1393 3485 1552 3545 l‘ltoeniciam,
1565 3486 1680 3534 continno
1690 3486 1758 3533 tunes

971 3576 1112 3625 soluturam.
1147 3575 1242 3624 Etenim
1253 3573 1304 3635 jam
1318 3573 1425 3622 diluculo
1444 3572 1600 3635 aliquomodo
1613 3577 1756 3635 aqlparcnle,

972 3677 1019 3713 non
1032 3663 1201 3713 existimabant
1214 3676 1240 3712 se
1250 3662 1352 3724 amplius
1361 3662 1531 3724 jusjurandum
1542 3662 1600 3710 nlilri
1613 3662 1697 3710 datum
1710 3662 1757 3708 vlo·
1836 3715 1845 3725 ¹

972 3754 1063 3802 laturos
1078 3753 1210 3813 Plamnices,
1225 3751 1289 3801 diem
1300 3754 1394 3800 tantum
1410 3750 1452 3813 [ct
1465 3754 1560 3800 noctem
1570 3749 1579 3812 ]
1589 3764 1662 3797 uriam
1675 3764 1758 3810 caspe·

972 3842 1052 3891 claudi
1067 3855 1161 3891 ιιιεσυιιι
1176 3842 1247 3903 pacti.
1281 3843 1367 3902 llagno
1377 3841 1448 3902 igilur
1462 3852 1518 3887 cum
1535 3837 1622 3897 garrdto
1637 3837 1759 3884 munientes

972 3945 1016 3979 nos
1031 3932 1149 3991 recipiunt
1161 3933 1186 3978 cl
1202 3930 1284 3978 statim
1298 3943 1312 3977 e
1328 3933 1397 3990 porln
1418 3927 1535 3987 remigum
1550 3938 1596 3984 ope
1615 3923 1720 3983 prinmm
1734 3922 1757 3968 ln

972 4018 1049 4067 altum
1064 4017 1258 4078 provehebantur
1272 4036 1278 4065 ι
1299 4015 1385 4063 deinde
1401 4017 1528 4076 postquam
1552 4010 1644 4071 placido
1659 4013 1730 4057 vento
1745 4022 1759 4056 a

973 4110 1036 4154 terra
1050 4106 1201 4166 adspirante,
1221 4104 1309 4151 lluctus
1324 4103 1427 4151 ltnnvlles
1444 4099 1558 4148 subibant
1573 4100 1598 4145 et
1616 4098 1684 4158 qnasi
1699 4097 1758 4144 arri·

972 4199 1061 4249 delient
1085 4197 1172 4260 puppi,
1199 4209 1284 4244 navem
1309 4195 1368 4243 velis
1392 4194 1468 4256 passis
1495 4192 1550 4241 terri
1577 4189 1756 4251 pernlitlebsnl.

973 4297 1051 4354 atque
1064 4268 1096 4341 ita
1116 4291 1215 4340 eirrtml
1232 4291 1298 4338 sinus
1316 4292 1342 4337 et
1355 4286 1492 4336 eminentiae
1508 4284 1631 4341 Parnassi,
1648 4282 1719 4331 AEtoli
1735 4286 1758 4331 et

973 4386 1097 4449 calydonii
1112 4385 1203 4447 scopuli
1219 4381 1394 4445 propemodum
1407 4379 1592 4428 transvolantem
1602 4389 1688 4424 navem
1700 4389 1758 4438 pra*-

974 4480 1075 4531 teribant
1099 4483 1122 4527 el
1145 4478 1229 4526 insulae
1252 4479 1335 4526 Aerrlro
1365 4476 1439 4535 ligura
1461 4474 1485 4519 et
1517 4472 1625 4530 nornine,
1645 4483 1674 4519 ac
1694 4484 1760 4518 naara

973 4572 1145 4635 Zaeqvtlbiurn,
1158 4571 1208 4619 sole
1223 4574 1274 4619 lum
1287 4568 1392 4630 primum
1406 4567 1436 4615 ad
1450 4578 1563 4614 occasum
1575 4568 1702 4627 vergente,
1714 4578 1755 4626 ap-

974 4668 1097 4730 parebant.
1132 4665 1178 4714 Sed
1201 4664 1259 4728 quid
1280 4663 1332 4711 lianc
1358 4660 1524 4724 intempestive
1547 4659 1672 4722 produco?
1695 4659 1757 4716 Quid

975 4770 1045 4819 porro
1059 4754 1105 4802 mei
1120 4754 1192 4816 ipsius
1204 4755 1228 4801 et
1241 4752 1313 4800 vestrl
1331 4764 1385 4798 sum
1398 4749 1487 4798 oblitus
1499 4752 1525 4797 el
1544 4749 1704 4797 narrationem
1717 4764 1759 4795 ex-

975 4849 1062 4905 tendo,
1092 4847 1173 4909 pelago
1204 4860 1246 4894 ves
1268 4844 1379 4906 ‹loinceps
1406 4856 1488 4892 revera
1516 4841 1686 4891 curantitlens?
1716 4843 1759 4890 lllr·

975 4946 1094 5006 reliquum
1115 4942 1231 4990 sermonis
1255 4940 1423 4998 cohibeamus,
1450 4938 1601 5001 vicissimque
1626 4937 1759 5007 parrllulnm

975 5038 1051 5087 murini
1064 5038 1194 5097 capiamus
1231 5036 1296 5083 Licet
1309 5035 1374 5082 crum
1388 5033 1486 5081 rarissime
1499 5033 1531 5081 sis
1546 5032 1569 5081 in
1582 5032 1701 5081 audiendo
1717 5039 1760 5080 ta·-

975 5134 1057 5183 diosus
1065 5134 1089 5180 et
1099 5131 1191 5179 sortiter
1200 5145 1285 5178 ,τωιιιιυ
1296 5143 1418 5191 repurgia-s,
1427 5133 1545 5187 (lilerium,
1558 5132 1637 5177 lairico
1649 5128 1760 5177 esistirnn

976 5234 998 5277 tr
1009 5230 1058 5287 jlm
1075 5226 1186 5289 ‹leiim-ps
1201 5225 1271 5274 lalus
1281 5239 1329 5279 err,
1343 5238 1397 5270 rnrn
1413 5238 1457 5283 ego
1477 5237 1541 5272 llnms
1557 5239 1593 5271 ves
1604 5223 1633 5270 ad
1655 5223 1757 5271 tinnitum
