3954 5978
431 561 457 606 ιι
973 540 1189 602 PRAEFATIO.

429 674 537 769 igitur
551 697 640 769 rogo
659 687 700 745 ut
722 673 816 743 sinat
833 670 980 742 tandem
994 670 1268 742 conversionem
1289 669 1421 740 Nicetae
1439 667 1611 738 Gallicam
1625 668 1749 763 adjun-

429 808 574 890 masque
587 807 708 882 notas,
723 793 761 862 in
783 791 970 889 publicum
990 789 1137 888 prodire
1159 816 1200 862 ao
1213 815 1277 887 per
1298 789 1490 861 hominum
1507 814 1569 860 ora
1584 789 1677 861 semi.
1692 793 1749 862 Sic

433 914 557 985 utilem
573 938 611 985 se
633 912 808 1011 praebebit
825 911 953 983 litteris
968 912 1089 1011 gtaecis
1105 936 1193 1011 quas
1207 925 1322 1000 amat,
1341 935 1382 982 ac
1402 910 1599 983 lectoribus
1616 910 1749 982 sedulis

431 1036 494 1133 qui
517 1060 563 1107 ne
584 1037 744 1108 Nicetem
761 1034 911 1131 quidem
925 1034 1163 1130 negligentius
1185 1033 1326 1131 legunt,
1345 1058 1475 1133 nempe
1496 1036 1656 1131 persuasi
1685 1035 1750 1106 Pli-

438 1160 540 1230 nium
551 1159 721 1254 Majorem
734 1159 913 1255 sapienter
930 1156 1078 1246 dixisse,
1095 1157 1274 1229 «Nullum
1289 1182 1366 1228 esse
1380 1156 1513 1228 librum
1522 1173 1593 1228 tam
1604 1157 1749 1245 malum,

433 1295 473 1351 ut
488 1304 562 1351 non
586 1279 706 1376 aliqua
724 1294 823 1377 parte
836 1256 1026 1377 prodesset
1042 1308 1075 1348 n.
1096 1277 1172 1349 Illis
1190 1303 1265 1349 non
1281 1278 1348 1349 erit
1364 1276 1504 1348 inutilis
1528 1277 1640 1373 editio
1656 1279 1749 1375 prin·

432 1426 516 1499 ceps
531 1426 639 1498 quam
658 1402 787 1499 amplis
811 1400 908 1472 notis
922 1401 1095 1491 instruxi5
1112 1426 1179 1472 neo
1192 1401 1270 1472 sine
1285 1399 1401 1472 fructu
1417 1401 1608 1472 consulent
1623 1399 1750 1471 Biblio

429 1522 568 1594 thecam
588 1527 770 1612 Graecam,
795 1538 820 1593 t.
840 1527 917 1611 vll,
941 1547 978 1618 p.
1006 1526 1359 1620 74931evequeum,
1383 1522 1598 1593 Notitiarum
1624 1523 1749 1593 Manu·

428 1646 644 1741 scriptorum
663 1645 848 1717 volumine
869 1660 988 1734 sext03
1012 1645 1278 1739 Villoisonum,
1307 1644 1688 1716 Animadversionibus
1712 1646 1749 1715 in

426 1769 609 1860 Longum3
636 1769 838 1863 Comum,
865 1766 1131 1863 Prolegomenis
1154 1766 1200 1839 ad
1224 1766 1480 1855 Heliodorum,
1512 1780 1549 1838 et
1571 1767 1610 1837 in
1629 1764 1751 1841 Wolfii

430 1884 628 1976 Analectis,
648 1901 675 1959 t.
692 1892 725 1974 1,
749 1911 785 1983 p.
808 1887 897 1976 4083
922 1886 1147 1961 Relationem
1169 1889 1280 1960 Dimii
1306 1888 1420 1960 Graeci
1441 1886 1539 1985 Ἑρμαῖ
1559 1889 1669 1989 Aspim
1693 1913 1749 1963 an.

433 2007 535 2107 1819,
550 2032 587 2105 p.
601 2007 692 2098 8483
708 2007 899 2100 Millemm,
916 2034 946 2080 v.
960 2008 1125 2100 doctiss,
1142 2010 1179 2083 in
1194 2010 1315 2083 Diario
1324 2011 1547 2085 eruditorum
1563 2036 1623 2085 an.
1650 2009 1751 2101 1855,

427 2134 554 2207 Martio
570 2157 708 2223 mense,
724 2159 759 2231 p.
792 2140 869 2232 [94.
