3930 5954
261 454 316 503 ιιε
910 420 1090 492 ncfliiiis
1111 432 1214 491 Titii

205 632 209 639 ,
295 570 350 631 liv.
366 567 447 647 Παρδ
461 566 489 626 δὲ
505 566 550 625 τὸν
570 565 648 625 αὐτὸν
669 563 760 644 χρόνον
776 563 820 621 καὶ
838 566 856 632 ὴ
881 555 1038 631 Λευκίππη,
1118 571 1184 619 xlii.
1196 571 1242 618 Per
1251 567 1313 617 idem
1321 570 1416 630 tempus
1424 568 1546 632 Leucippe
1555 567 1709 618 domunculis
1718 569 1781 618 tores
1788 571 1884 632 paten-

256 657 301 722 τάς
316 655 363 733 μὲν
377 658 422 713 τοῦ
437 652 571 731 δωματίου
593 652 674 732 θύρας
694 650 859 730 ἀνεῳγμένας
878 652 981 729 δρῶσα,
996 647 1041 705 τὸν
1085 660 1130 716 ια,
1142 656 1283 707 sosthenem
1293 655 1416 705 absentem
1427 655 1519 714 videns,
1531 655 1740 718 circumspiciebat
1755 668 1814 706 num
1823 661 1884 709 so·

256 739 432 812 dilectisque
447 740 485 814 μὴ
500 740 636 819 παρόντα,
653 737 822 815 περιεσκόπει
837 736 875 812 μὴ
889 735 941 817 πρὸ
957 738 1040 816 θυριῦν
1085 745 1183 794 sthenes
1192 745 1248 793 ante
1257 744 1356 804 ianuam
1371 744 1433 792 torte
1446 743 1526 792 adlruc
1546 744 1701 805 constitisset,
1713 746 1885 808 posteaquam

256 830 308 902 είη.
350 827 428 894 ‘ssed’
439 819 472 899 ἦν
486 824 715 904 ούδαμοῦ,θιίρσος
729 825 794 901 αὖα-ἠ’
809 822 935 889 sallinis
948 825 965 892 ἡ
980 840 1040 880 συν·
1086 844 1273 894 eumnusquam
1285 831 1422 893 conspexit,
1440 830 1573 881 trducisillt
1588 835 1687 894 etspcs,
1700 832 1887 894 quamlrolrerc

230 918 321 991 ευίθης
340 914 533 996 ὑπεισέρχεται.
575 913 677 988 Λινήμη
692 911 743 991 γάρ
765 913 831 990 αὐτῇ
854 915 899 968 τοῦ
914 908 1041 975 πολλάκις
1086 917 1317 980 cousuetudinem.
1349 920 1430 974 Quum
1439 918 1504 968 enim
1516 920 1666 980 supeantca,
1676 923 1701 967 et
1709 932 1740 967 ex
1749 918 1886 982 insperato

257 1003 330 1084 παρὰ
344 1002 418 1072 δόξαν
434 1003 574 1071 σεσῶσθαι,
582 1000 647 1078 πρὸς
657 997 687 1056 τὸ
699 998 783 1077 παρὸν
792 1001 843 1054 τῶν
856 996 980 1055 κινδύνων
993 995 1040 1065 τὴν
1086 1007 1184 1069 quidem
1196 1006 1345 1055 maximisex
1353 1005 1466 1068 periculis
1479 1009 1587 1066 ereptam
1597 1019 1623 1055 sc
1634 1006 1706 1055 luisse
1715 1006 1740 1055 in
1753 1007 1885 1056 memoria

258 1093 351 1150 ἐλπίδα
362 1087 494 1170 προύξίνει
510 1089 678 1165 ἀποχρῆσθαι
697 1083 834 1164 τῇΤύχη.
878 1076 976 1154 {icida
990 1082 1040 1161 γάρ
1088 1093 1199 1167 traheret,
1221 1099 1272 1142 tum
1287 1105 1384 1155 quoquc
1403 1105 1470 1155 spem
1486 1095 1611 1156 concepit,
1633 1094 1736 1142 torturus
1753 1093 1884 1144 beneficio

258 1183 310 1238 τῶν
330 1181 418 1257 ἀγρῶν
429 1174 540 1246 πλησίον
554 1174 583 1231 τ“ο
603 1177 650 1244 τῆς
666 1173 815 1252 ’Λρτίμιδος
827 1171 906 1252 ίερθν,
923 1171 1041 1251 ἐκτρέχει
1087 1181 1179 1230 utendi.
1212 1184 1349 1232 Nemeum
1371 1181 1455 1230 Dionae
1475 1180 1506 1229 ob
1530 1179 1593 1242 agris
1616 1181 1662 1230 illls
1683 1176 1802 1243 teniplum
1824 1195 1883 1231 uon

258 1271 281 1327 τ’
297 1266 337 1325 ἐπ’
352 1265 425 1335 αύτδ,
437 1263 482 1321 και
494 1262 584 1340 ἔχεται
595 1266 642 1320 τοῦ
655 1260 716 1322 νεύι.
758 1261 798 1320 Τὸ
809 1260 836 1317 δὲ
847 1259 961 1317 παλαιόν
976 1257 1042 1315 dio·
1087 1267 1268 1329 longeabcsset,
1283 1268 1355 1316 domo
1368 1269 1498 1330 cgrcssaln
1514 1267 1609 1318 lliudse
1625 1268 1799 1331 recepit,etco
1813 1282 1881 1318 oon·

221 1378 245 1414 ευ
259 1378 300 1423 τος
324 1347 357 1426 ἦν
371 1349 485 1430 γυναιξίν
501 1348 645 1429 ἐλευθέραις
664 1340 738 1414 ούτος
753 1351 768 1405 ό
786 1347 863 1417 νεὼς,
889 1345 997 1426 ἀνδράσι
1018 1347 1041 1404 δ’
1088 1356 1156 1417 iugit.
1190 1356 1323 1406 Delubrum
1342 1366 1400 1404 vcro
1417 1355 1480 1404 istud
1500 1354 1580 1404 liberis
1594 1354 1881 1418 mulieribusquomlam

258 1440 437 1521 ἐπετέτραπτο
456 1435 501 1494 καί
515 1435 663 1515 παρθένοις.
706 1437 739 1494 Et
752 1433 779 1492 δέ
796 1458 834 1500 τις
850 1433 912 1492 εἴσω
923 1434 1042 1514 παρῆλθε
1088 1441 1237 1492 inaccessum
1251 1446 1304 1493 crat
1317 1461 1324 1491 ε
1335 1442 1392 1492 viris
1403 1444 1484 1492 autem
1502 1445 1528 1491 ct
1541 1442 1673 1504 uirginibue
1686 1443 1782 1505 patebat
1795 1459 1802 1492 ι
1815 1457 1880 1492 cum

259 1530 341 1607 γυνὴ,
364 1526 473 1590 θάνατος
493 1514 525 1594 ἦν
543 1526 560 1593 ἡ
576 1521 649 1593 δίκη,
664 1521 733 1590 πλὴν
755 1522 777 1579 εί
800 1519 836 1596 μὴ
859 1520 938 1591 δούλη
959 1543 997 1587 τις
1010 1512 1041 1591 ἦν
1088 1530 1190 1593 capitale
1204 1530 1293 1593 alioqui
1311 1530 1450 1589 traheretur,
1462 1530 1574 1580 mulieres
1589 1529 1696 1591 ingredi,
1709 1530 1880 1592 prraeterquam

260 1618 406 1693 ἐγκαλοῦσα
420 1615 456 1691 τῷ
468 1608 591 1687 δεσπότῃ.
635 1608 730 1687 Ταύτῃ
745 1608 767 1666 δ’
782 1608 841 1680 ἐξῆν
854 1606 979 1666 ἱκετεύειν
994 1605 1042 1677 τὴν
1088 1631 1172 1668 serras
1185 1618 1209 1667 iu
1222 1617 1305 1679 jusab
1318 1617 1502 1667 hcmvocatas:
1517 1617 1621 1666 iisenim
1637 1616 1749 1666 oddcam
1762 1617 1882 1680 coniuge·

259 1702 327 1773 dade,
343 1702 368 1759 οί
380 1702 403 1758 δ’
418 1700 542 1778 ἄρχοντες
556 1695 673 1765 ἐδίκαζον
692 1699 758 1775 αὐτῇ
771 1719 798 1754 τε
811 1694 856 1753 καί
869 1698 908 1775 τῷ
918 1694 1042 1772 δεσπότῃ.
1090 1705 1226 1755 reticebat
1258 1710 1293 1755 Ac
1304 1707 1357 1754 tum
1372 1703 1470 1767 quidem
1482 1704 1611 1754 archontes
1621 1703 1683 1754 inter
1695 1703 1817 1764 anodiam,
1831 1706 1880 1754 tre·

223 1807 247 1844 ιι
261 1788 316 1847 Καὶ
331 1789 354 1845 ει
370 1784 452 1863 μένό
481 1784 609 1856 δεσπότης
627 1784 700 1842 οῦδὲν
723 1782 814 1862 ἔτυχεν
841 1784 947 1854 ἀδικῶν,
972 1773 1044 1849 αύθις
1090 1806 1193 1856 rumque
1217 1792 1360 1843 scntmllam
1381 1788 1489 1842 terebant
1531 1793 1555 1842 si
1580 1792 1644 1841 enlm
1668 1804 1763 1842 serram
1786 1791 1880 1851 iniuria

224 1932 227 1941 ,
260 1874 308 1946 τὴν
323 1874 482 1952 θεράπαιναν
497 1868 655 1948 ἐλάμῦανεν,
671 1871 769 1948 θμάσας
784 1869 821 1947 μὴ
836 1869 1043 1947 μνησικακήσειν
1089 1880 1260 1931 dominusnon
1273 1880 1400 1940 aiteclssct,
1415 1892 1470 1928 eam
1488 1891 1572 1928 rursus
1583 1878 1606 1927 in
1617 1879 1758 1929 servitutem
1772 1880 1879 1943 recipic-

260 1965 308 2032 cij<
321 1965 487 2041 καταφυγῆς·
498 1959 520 2017 tl
529 1961 552 2017 δ’
562 1958 646 2026 ἷδῡξίι
658 1963 675 2029 ἦ
689 1959 835 2037 θῑρᾶπαῑνα
848 1958 938 2015 δίκαια
949 1956 1044 2033 iiiiii,
1090 1969 1142 2029 bnt,
1155 1969 1266 2031 fugaeque
1285 1967 1349 2017 iilius
1360 1967 1503 2017 memoriam
1517 1980 1543 2017 se
1553 1980 1601 2016 non
1616 1967 1720 2029 amplius
1733 1966 1878 2017 habitorum

259 2048 351 2126 έμενεν
366 2051 445 2106 αὐτοῦ
460 2046 539 2118 δούλη
561 2048 593 2126 τῇ
616 2048 678 2127 θεῷ.
721 2044 795 2125 ’Λρτι
813 2042 839 2103 δὲ
855 2048 900 2103 τοῦ
913 2043 1043 2123 Σωστρά-
1089 2055 1248 2119 iureiurando
1270 2054 1475 2104 aitirmabatzsln
1495 2058 1577 2104 autem
1598 2054 1709 2103 ancillam
1721 2053 1786 2115 inste
1805 2056 1878 2117 queri

262 2159 309 2195 του
325 2136 369 2195 τόν
391 2135 461 2216 ίερία
475 2132 689 2213 παραλαόόντος,
703 2133 749 2192 καί
765 2132 809 2191 έπλ
832 2132 866 2191 cd
888 2131 1044 2212 δικαστήρια
1090 2144 1241 2206 compertum
1253 2144 1345 2202 luisset,
1355 2143 1415 2191 tunc
1428 2154 1457 2190 ca
1467 2140 1520 2190 dea
1529 2140 1667 2190 ministeriis
1675 2140 1771 2191 addicta
1779 2141 1828 2191 illic
1841 2156 1881 2191 re·

222 2245 249 2284 ac
262 2223 443 2304 παρελθόντος,
461 2225 496 2288 ὡς
511 2221 543 2281 διν
557 2221 654 2301 ἐπίσχῃ
669 2221 716 2288 τδις
732 2220 822 2293 δίκας,
844 2222 881 2285 είς
892 2220 922 2279 τὸ
935 2219 1004 2300 ίερθν
1027 2223 1044 2290 ἡ
1091 2230 1213 2281 manebat.
1246 2232 1354 2279 Sostrate
1373 2229 1445 2291 igitur
1468 2228 1630 2289 sacerdotem,
1646 2229 1689 2290 qni
1714 2232 1878 2292 quaestionem

265 2311 405 2384 Λευκίππη
417 2314 513 2390 παρῆν,
524 2308 591 2368 ὥστε
603 2314 696 2391 μικροῦ
709 2331 776 2376 τινος
788 2307 934 2388 ἀπελείφθη
946 2311 992 2366 τοῦ
1006 2305 1043 2384 μὴ
1091 2317 1182 2367 dillcrri
1191 2316 1296 2379 juberet,
1307 2314 1339 2365 ad
1353 2315 1432 2365 torum
1453 2314 1564 2377 docente,
1577 2315 1696 2378 Leucippe
1705 2318 1823 2380 templum
1837 2318 1879 2368 in·

261 2404 300 2481 τῷ
314 2396 395 2479 πατρί
409 2407 554 2476 συντυχεῖν.
1091 2419 1170 2468 gressa
1181 2406 1226 2464 cst,
1238 2415 1372 2468 perumque
1382 2402 1468 2462 abluit,
1477 2404 1536 2465 quin
1544 2404 1604 2465 patri
1614 2404 1711 2454 chriam
1720 2405 1797 2455 fleret.

302 2489 360 2548 ln‘.
374 2486 424 2552 Ὡς
439 2487 461 2543 δ’
477 2483 633 2562 ἀπηλλάγην
645 2482 699 2562 ἐγὼ
712 2486 764 2544 τῶν
777 2483 910 2565 βασάνων,
925 2482 1045 2541 διελίλνυ
1121 2496 1187 2544 Χιι.
1197 2495 1315 2553 lteram,
1333 2491 1435 2541 simulac
1448 2490 1545 2541 dimissa
1563 2491 1679 2542 concione
1696 2493 1790 2542 solutus
1810 2507 1878 2555 sum,

262 2597 293 2633 το
308 2573 355 2650 μίν
370 2572 400 2631 τδ
414 2570 592 2650 δικαστήριον,
607 2570 685 2650 όχλος
698 2570 722 2628 τ’
733 2561 765 2641 ἦν
779 2569 840 2650 περί
851 2570 898 2647 ἐμὲ
910 2569 955 2628 καί
967 2569 1046 2646 θόρυ·
1092 2583 1174 2644 ingens
1192 2580 1323 2631 multitudo
1343 2579 1509 2641 circumsepsit
1528 2582 1553 2629 ct
1573 2581 1644 2629 ιιιιιιε
1663 2584 1725 2642 crat,
1744 2583 1818 2643 atque
1834 2584 1878 2633 alii

223 2678 250 2716 aa
266 2660 317 2734 όος,
324 2663 376 2719 τῶν
389 2658 436 2737 μὲν
451 2658 604 2732 ἐλευίντων,
618 2661 670 2717 τῶν
684 2658 708 2717 δ’
723 2658 946 2730 ίπιτωθαζόντων,
958 2656 1045 2716 τῶνδ’
1091 2669 1189 2732 quidem
1195 2670 1272 2718 vicem
1283 2680 1361 2717 meam
1368 2667 1491 2727 dolebant,
1502 2667 1610 2717 nonnulli
1620 2681 1660 2717 me
1667 2669 1878 2732 conviciabantur,

263 2745 525 2823 ἀναπυνθανομένων.
566 2742 653 2806 Ἔνθα
672 2743 718 2802 καί
736 2749 750 2804 θ
765 2745 921 2825 Σώστρατος
939 2746 1046 2811 tmesi<
1092 2757 1189 2820 quidam
1199 2770 1239 2807 mc
1249 2756 1427 2818 interrogabant
1441 2775 1447 2804 ε
1463 2755 1525 2804 inter
1537 2768 1598 2818 quos
1610 2756 1707 2806 adstans
1716 2757 1766 2820 ipse
1779 2772 1881 2821 quoquc

263 2838 311 2915 δρᾷ
325 2834 415 2907 latmi
428 2831 556 2913 γνωρίζῑῑ·
600 2831 656 2893 Καί
669 2830 784 2912 tapetii
798 2831 899 2912 ίφηιέι
914 2834 1045 2911 <indicit
1092 2847 1222 2905 Sostratus,
1237 2846 1266 2894 ut
1277 2843 1347 2905 vidit,
1364 2856 1403 2893 me
1421 2843 1530 2905 protinus
1542 2844 1648 2905 agnovit.
1680 2847 1752 2906 Nam,
1765 2849 1793 2894 ut
1809 2846 1880 2896 initio

264 2924 359 3000 λόγων,
387 2924 413 2981 ἐν
436 2920 516 3003 Τύριρ
534 2923 592 2979 ποτ’
607 2919 721 2998 ἐγεγόνει
742 2920 802 2999 περὶ
820 2919 867 2991 τὴν
892 2923 944 2978 τῶν
959 2919 1045 2998 Ἡρο-
1092 2932 1183 2982 dietum
1195 2934 1241 2992 cst,
1252 2931 1310 2991 Tyri
1321 2930 1392 2981 etiam
1406 2931 1456 2992 ipse
1466 2929 1588 2992 quondam
1597 2934 1751 2994 erat,quum
1765 2936 1880 2986 Herculis

264 3010 355 3069 κλείων
366 3007 471 3090 tupris,
484 3008 530 3067 καί
544 3006 638 3087 χρόνον
650 3010 748 3067 πολλοῦ
765 3008 902 3088 διατρίψας
916 3007 1007 3086 ἔτυχεν
1021 3009 1046 3066 ἐν
1093 3021 1167 3070 iusim
1187 3019 1238 3069 dios
1253 3021 1380 3082 ageretur:
1399 3017 1495 3080 illicque
1518 3018 1559 3066 din
1574 3018 1705 3083 admodum
1727 3022 1783 3070 ente
1796 3020 1879 3085 togam

224 3116 251 3156 ειι
264 3097 354 3178 Τύρῳ,
367 3096 418 3175 πρδ
429 3098 526 3156 πολλοῦ
541 3100 587 3167 τῆς
601 3094 731 3175 ἡμετέρας
742 3100 834 3175 φυγῆς.
875 3093 962 3154 Ὥστε
976 3094 1046 3174 τάχα
1093 3109 1200 3158 nostram
1214 3108 1378 3156 commoratus
1398 3106 1435 3154 cst
1455 3124 1461 3154 ι
1479 3107 1630 3168 Qilnpropter
1646 3107 1715 3157 tacito
1730 3107 1881 3160 hominituit

265 3206 316 3259 μου
325 3185 373 3255 τὴν
385 3184 488 3264 μορρὴν
503 3183 678 3260 συνεόείλετο,
693 3183 737 3241 καὶ
750 3182 794 3241 διὰ
804 3182 834 3241 τδ
845 3182 962 3242 ἐνύπνιον
972 3181 1047 3262 φύσει
1094 3208 1133 3245 me
1144 3194 1296 3257 cognovisse,
1307 3192 1440 3255 praescriim
1453 3204 1530 3253 quum
1541 3192 1566 3241 in
1580 3194 1670 3243 somnis
1688 3207 1820 3257 quoquese
1834 3210 1881 3248 nos

264 3272 417 3350 προσδοκῶν
427 3270 544 3349 εὑρήσειν
555 3275 636 3347 ἡμᾶς.
682 3263 1047 3348 Προσελθὼνούνμοι·ίίλει·
1096 3284 1247 3346 reperturum
1266 3279 1406 3329 admonitus
1427 3279 1517 3328 luisset
1551 3281 1744 3344 ltaqucpropius
1761 3296 1881 3334 meam·

265 3360 350 3438 τυρῶν
366 3345 453 3429 ούτος,
468 3355 611 3427 Λευκίππη
624 3356 727 3430 linem
746 3354 818 3434 Ἐγὼ
834 3357 881 3433 μέν
895 3349 939 3417 σύν
953 3359 1048 3438 γνωρί-
1093 3368 1220 3430 dens,ilic,
1229 3368 1374 3428 mehercule,
1382 3367 1469 3429 inquit,
1479 3367 1607 3429 Cliloplmu
1616 3370 1660 3418 est.
1693 3370 1880 3434 Lcucippcrero

265 3467 313 3511 σας
335 3443 424 3517 αὐτὸν,
450 3441 486 3510 είς
508 3448 557 3521 γῆν
571 3442 728 3503 κατένευσα·
743 3447 767 3504 οι
788 3444 815 3504 δέ
835 3446 962 3526 παρόντες
976 3448 1047 3526 αύτῷ
1094 3458 1284 3506 ιιιιιιιιιιιιΤιιιιι
1296 3469 1349 3517 ego,
1369 3455 1411 3504 illo
1425 3455 1519 3517 agnito,
1539 3456 1635 3504 vultum
1649 3456 1718 3506 immi
1733 3457 1880 3525 ‹letici2qul

225 3551 252 3591 aa
265 3534 400 3609 διηγοῦντο
416 3528 465 3589 ὅσα
477 3518 549 3589 είπον
565 3526 623 3590 κατ’
636 3533 765 3608 ἐμαυτοῦ·
785 3531 830 3591 καὶ
845 3531 871 3598 d<
885 3531 1046 3610 ἀνοιμώξας,
1093 3543 1201 3604 aderant,
1210 3555 1362 3605 quoscunque
1375 3545 1459 3591 contra
1471 3542 1598 3605 meipsum
1608 3556 1784 3607 peroraveram,
1795 3560 1880 3598 raoerr·

267 3621 312 3679 καὶ
324 3619 470 3700 κοψάμενος
486 3618 535 3691 τὴν
547 3616 674 3699 κεραλὴν,
694 3617 802 3701 ἐμπηδᾷ
819 3643 869 3697 μου
883 3627 935 3684 τοῖς
947 3622 1047 3701 ὀρθαλ-
1094 3633 1204 3681 sumunt.
1237 3632 1269 3680 Αι
1281 3629 1321 3679 ille
1332 3641 1448 3692 perquam
1460 3629 1566 3690 graviter
1577 3630 1746 3693 ingemiscens,
1757 3638 1881 3697 caputque

267 3709 326 3782 μοῖς
338 3707 383 3765 καί
399 3712 491 3787 μικροῦ
509 3707 561 3765 δεῖν
580 3704 701 3788 ἐξώρυξεν
721 3705 824 3775 αύτούς·
838 3706 896 3767 οὐδὲ
917 3706 968 3788 γάρ
987 3710 1048 3767 έπε-
1094 3720 1238 3782 percutiens,
1253 3717 1279 3766 io
1290 3716 1373 3768 oculos
1385 3717 1444 3767 milri
1455 3717 1619 3778 inminutae
1632 3720 1807 3782 propemodum
1820 3724 1881 3772 atto·

264 3794 368 3874 χείρουν
378 3793 488 3853 κωλύειν
500 3793 565 3872 ἐγὼ,
580 3802 706 3874 παρεῖχον
720 3791 822 3853 δὲτδπ
839 3793 942 3854 ύσωπον
954 3794 990 3862 είς
1000 3795 1047 3867 τὴν
1094 3807 1139 3856 (ιιι.
1172 3810 1221 3857 ilco
1230 3805 1295 3855 enlm
1307 3805 1417 3855 resistere
1426 3804 1517 3854 homini
1528 3804 1657 3866 audebam,
1669 3808 1727 3869 quin
1737 3807 1880 3860 imolacicm

265 3882 351 3959 ύύριν.
394 3881 429 3942 ‘0
444 3882 471 3941 δέ
493 3881 614 3948 Κλεινίας
634 3882 784 3963 προσελθὼν
806 3818 875 3961 είργε
890 3887 1047 3963 παρηγορῶν
1094 3892 1189 3956 injuria
1204 3891 1349 3955 praebebam.
1380 3891 1426 3941 scd
1441 3892 1493 3953 ejus
1506 3891 1623 3954 impetum
1642 3897 1816 3956 progressusiu
1830 3912 1881 3948 nne·

225 3998 254 4036 ςυ
266 3969 343 4028 αὐτόν
359 3969 416 4047 ἅμα
430 3970 476 4028 καλ
487 3969 585 4048 λέγων·
597 3969 634 4031 Τί
653 3971 749 4046 ποιεῖς,
770 3969 907 4051 ἄνθρωπε,
922 3969 948 4029 τί
962 3970 1048 4048 μάτην
1094 3981 1161 4031 dium
1173 3982 1251 4032 clinia
1260 3980 1409 4043 compressit,
1418 3980 1537 4042 illumque
1549 3979 1702 4044 redarguens,
1712 3983 1781 4046 quid,
1790 3985 1879 4049 inquit,

265 4056 421 4137 ἐξηγρίωσαι
442 4059 502 4116 κατ’
522 4059 631 4137 ἀνδρὸς,
656 4056 685 4124 ὃς
703 4059 804 4134 μᾶλλον
829 4062 876 4116 σοῦ
892 4060 1048 4129 Λευκίππην
1095 4071 1161 4133 ogisi
1175 4083 1220 4119 cur
1229 4071 1279 4118 tam
1291 4071 1383 4118 temera
1396 4068 1420 4117 iu
1431 4082 1488 4117 eum
1495 4069 1574 4129 soris,
1587 4072 1630 4131 qui
1641 4071 1741 4133 majore,
1753 4085 1829 4135 quam
1841 4078 1879 4136 tu,

265 4148 350 4225 ιριλεῑς
364 4145 487 4205 Θάνατον
499 4150 560 4223 γοῦν
571 4144 672 4216 ἀπέστη
682 4146 783 4217 παθεῖν,
798 4144 838 4203 ότι
849 4146 968 4204 τεθνάναι
983 4146 1048 4205 ταύ-
1094 4172 1176 4209 amoro
1190 4157 1326 4220 leucippen
1336 4156 1505 4219 prosequitur?
1519 4158 1559 4220 qui
1572 4156 1638 4207 leiim
1649 4161 1880 4223 sponteseobjoeit,
1947 4172 1948 4179 ¹

265 4257 313 4304 την
332 4231 432 4301 ἐδοξεν·
445 4232 514 4292 ἀλλα
524 4256 553 4291 τε
566 4232 653 4292 πολλὰ
670 4232 743 4312 έλεγε
756 4233 988 4312 παραμυθούμενος
999 4235 1048 4292 αύ·
1095 4249 1220 4309 propterca
1235 4244 1301 4308 quod
1321 4257 1375 4295 eam
1390 4243 1453 4294 diem
1468 4244 1554 4295 obiisse
1569 4244 1723 4296 crediderat?
1738 4250 1818 4311 itque
1833 4253 1882 4301 aila

267 4320 322 4379 τόν.
366 4319 400 4380 Ὁ
412 4320 436 4377 δ’
452 4317 566 4399 ὠδύρετο
579 4321 667 4378 καλῶν
681 4319 729 4389 τὴν
748 4318 884 4400 Ἄρτεμιν·
899 4319 962 4380 Ἐπὶ
972 4322 1049 4382 τοῦτό
1095 4337 1210 4398 praetereo
1220 4333 1307 4394 muita,
1320 4345 1370 4395 quo
1382 4332 1488 4381 turonem
1502 4332 1566 4383 illius
1575 4333 1691 4396 placaret,
1701 4334 1802 4387 eddidit.
1836 4339 1881 4391 llic

226 4439 254 4477 m
267 4432 315 4485 με,
330 4406 578 4485 δίσποινα,ἤγαγες
593 4406 849 4480 ἐνταῦθαςΤοιαῦτά
863 4430 909 4466 σου
925 4412 976 4467 τῶν
990 4410 1048 4468 ἐνυ·
1094 4424 1175 4472 autem
1190 4420 1292 4471 omnam
1310 4419 1441 4469 identidem
1461 4419 1584 4482 invocans,
1599 4420 1632 4471 lta
1647 4422 1696 4473 tere
1711 4427 1881 4487 conquereba·
1947 4460 1948 4463 ι

266 4495 348 4553 πνίων
361 4493 395 4552 τά
418 4491 605 4571 μαντεύματα,
620 4491 703 4572 Κάγὼ
721 4492 768 4570 μιν
781 4492 915 4553 ἐπίστευόν
934 4517 980 4554 σου
996 4500 1050 4566 τοῖς
1094 4510 1253 4560 turannio
1276 4507 1457 4558 lracdccausa
1472 4521 1511 4556 me
1524 4508 1580 4568 lurc,
1595 4507 1654 4570 dea,
1670 4510 1752 4561 venire
1769 4513 1881 4565 voluisti?
1947 4500 1948 4513 ¹

267 4582 373 4662 θνείροις
387 4582 433 4641 καί
452 4580 570 4662 εὑρήσειν
584 4579 657 4661 παρὰ
671 4581 713 4640 σοί
727 4580 892 4661 προσεδόκων
906 4582 954 4654 τὴν
973 4588 1050 4664 θυγα·
1094 4598 1183 4647 ειιιιιιιο
1204 4597 1258 4646 haec
1277 4595 1336 4645 milri
1350 4608 1364 4644 a
1384 4597 1410 4645 te
1431 4595 1455 4644 ln
1473 4596 1563 4645 somnis
1576 4596 1708 4659 praedicta?
1720 4602 1770 4662 ligo
1781 4603 1880 4665 quidem

266 4670 339 4748 τέρα.
384 4669 472 4730 Καλὸν
487 4670 515 4728 δι’
525 4692 569 4748 μοι
582 4670 663 4749 δῶρον
677 4669 803 4736 δέδωκας·
815 4661 889 4750 εὖρον
902 4670 946 4731 τὸν
956 4674 1049 4754 ἀνδρο-
1095 4687 1161 4734 certe
1171 4683 1270 4733 somuiis
1279 4683 1350 4733 sidem
1361 4682 1410 4734 tuis
1421 4682 1504 4743 ιιειιυι,
1517 4682 1640 4746 filiamque
1651 4686 1760 4748 meapud
1769 4690 1881 4753 terepcr·

268 4756 344 4835 pisos
359 4759 440 4828 αὐτῆς
450 4759 524 4837 παρὰ
537 4758 588 4821 σοί.
635 4757 689 4818 Καί
708 4758 859 4826 όΚλεινίιις
878 4758 992 4828 ἀκούσας
1003 4767 1049 4821 τοῦ
1096 4774 1178 4821 turum
1193 4771 1302 4821 credidi:
1320 4784 1417 4821 acsaue
1438 4772 1601 4834 peregregiam
1615 4777 1811 4839 munosaccepi,
1831 4779 1881 4840 ejus

229 4847 313 4913 ιοτῆς
333 4842 483 4923 ’Λρτίμιδος
507 4845 627 4905 ἐνυπνίου
651 4845 798 4927 περιχαρὴς
815 4845 916 4924 ἐγένετο
936 4847 981 4906 καί
1004 4849 1048 4907 λέ·
1095 4859 1186 4908 seilicet
1201 4859 1388 4908 interfectorem.
1422 4860 1483 4906 Tum
1496 4856 1591 4918 Clinia,
1604 4859 1690 4908 somnii
1705 4864 1881 4916 mentioueao·

267 4951 322 5005 γει·
347 4928 463 5010 Θάρρει,
477 4932 578 5010 πάτερ,
592 4939 610 5006 η
622 4931 744 5013 Ἄρτεμις
757 4936 786 4992 ού
810 4932 947 5014 ψεύδεται·
961 4938 992 5014 ζῇ
1008 4958 1049 4996 σοι
1095 4946 1155 5008 dita,
1168 4946 1257 4995 mirum
1270 4945 1296 4994 in
1309 4944 1410 4995 modum
1420 4945 1524 5007 gavisus,
1539 4944 1616 5007 bono,
1630 4947 1719 5010 lnquit,
1734 4951 1824 5013 anieno,
1836 4968 1878 5017 pn·

268 5013 422 5085 Λευιιίππη·
444 5016 582 5079 πίστευσύν
609 5043 660 5095 μου
677 5026 730 5089 τοῖς
755 5022 946 5099 μαντεύμασιν.
989 5025 1050 5104 Οὐχ
1095 5038 1141 5095 ter,
1163 5036 1224 5092 csto,
1248 5032 1351 5083 mendax
1375 5032 1420 5083 dea
1434 5046 1482 5082 nou
1504 5032 1558 5084 erit.
1592 5035 1663 5087 satra
1679 5037 1762 5100 utique
1782 5040 1826 5090 titel
1844 5047 1880 5093 cst

268 5104 330 5180 δρᾷς
343 5101 388 5159 καί
400 5107 490 5163 τοῦτον
503 5109 538 5173 ὡς
553 5109 582 5166 ἐκ
597 5108 718 5185 βασάνων
734 5114 780 5168 νῦν
791 5110 956 5191 κρεμάμενον
968 5110 1049 5192 ίίήρ-
1096 5120 1238 5183 (vaticiniis
1255 5120 1416 5181 meiscrcdel
1431 5120 1570 5183 Leucippe:
1593 5135 1673 5175 noune
1687 5122 1762 5185 rides,
1776 5124 1880 5176 οιΙιιιιιο
1947 5130 1948 5191 j

267 5211 367 5259 miti
1097 5211 1193 5261 eticme
1206 5213 1326 5261 tortorum
1337 5210 1447 5259 morellius
1459 5211 1590 5275 cripuerit?
