3894 5946
296 416 348 465 188

290 536 349 609 ’ρίαν
369 534 470 610 ἀρέσκω
486 557 543 611 σοι,
561 534 683 611 Ἄνανδρε
699 534 742 592 καί
758 537 839 606 δειλέ,
855 538 933 595 πόσον
956 537 1070 617 ἕόράδυ-

289 645 333 686 νας
348 624 412 698 ἐρῶν
427 622 537 697 χρόνον,
560 621 639 678 πόσον
655 621 805 695 ἠμέλησας,
822 625 875 682 ἀπὸ
891 627 942 682 τῶν
957 626 1072 698 ἐμαυτῆς

289 711 388 783 κακῶν,
410 707 427 763 ἃ
454 708 583 774 πέπονθας
608 699 674 766 οἶδα,
718 708 786 767 Ἀλλ’
808 710 876 783 teob,
899 712 998 791 δάκρυα
1024 710 1071 789 μὲν

289 794 416 872 ὑποδέχου
437 793 510 870 τάμά
531 793 608 865 καίή
630 795 699 865 καλή
721 801 768 855 σοῦ
783 796 853 872 κόμη
869 798 966 857 πινέτω
987 802 1069 874 πῶμα

261 898 272 939 b
289 881 360 959 [τὸ]
378 881 500 962 ἐρωτικὸν
515 882 561 940 καί
576 882 723 960 συμφύντες
743 885 866 955 ἀλλήλοις
888 889 1069 964 ἀναμιγῶμεν,

288 966 493 1047 καταύρέχωμεν
509 966 535 1026 δέ
550 968 666 1034 καὶτοὺς
681 971 822 1051 στεφάνους
844 974 896 1038 τοῖς
910 977 974 1052 παρ’
989 975 1071 1043 ἀλλή-

188 1064 193 1071 ’
287 1055 339 1110 λων
362 1054 497 1132 δάκρυσιν,
520 1051 641 1133 ἵν’,ήμῖν
666 1056 711 1113 καὶ
735 1048 805 1115 οὗτοι
829 1063 979 1138 συνερῶσιν.
1023 1062 1070 1120 Εἰ-

286 1146 372 1199 πούσα
394 1143 417 1200 δ’
438 1141 508 1198 δίπαν
533 1140 580 1217 μέν
600 1143 679 1199 αὐτοῦ
702 1143 731 1199 τό
755 1144 895 1224 πρόσκυσον
919 1147 1069 1219 ἠσπάζετο,

286 1226 392 1285 ἅπασαν
408 1228 434 1285 δὲ
445 1225 493 1298 τήν
508 1227 593 1303 κόμην
608 1229 661 1294 τοῖς
676 1233 756 1299 αὐτῆς
771 1233 913 1309 ὀφθαλμοῖς
926 1232 1071 1311 προσετίθει

250 1332 272 1365 ¹⁰
286 1315 331 1373 καὶ
345 1314 403 1379 τοὺς
416 1314 556 1392 στεφάνους
573 1315 738 1390 ἀνελάμὸανε
753 1315 799 1372 καί
814 1314 846 1373 τδι
859 1316 935 1393 χείλη
951 1319 1003 1384 τοῖς
1014 1318 1071 1397 χεί-

285 1405 342 1459 λεσι
360 1403 470 1480 φιλοῦσα
486 1402 644 1479 συνηρμόκει
665 1401 726 1475 καλ,
745 1399 793 1458 ὅσα
817 1403 943 1478 ἐνενόουν,
963 1404 1005 1461 διδ
1019 1408 1070 1463 τῶν

285 1487 394 1565 χειλέων
410 1489 439 1544 ἐκ
451 1490 537 1566 ψυχῆς
550 1489 585 1552 εἷς
598 1485 646 1557 τήν
659 1486 767 1560 θατέρου
778 1487 867 1568 ψυχὴν
881 1488 923 1546 διὰ
937 1495 982 1548 τοῦ
995 1491 1070 1571 φιλή-

286 1596 368 1650 ματος
382 1573 581 1655 παρεπέμπετο,
624 1574 746 1632 usioses
762 1573 783 1630 δ’
798 1577 876 1633 αὐτοῦ
891 1575 949 1644 τούς
973 1579 1070 1658 ὀφθαλ-

287 1661 366 1739 μούς,
378 1651 417 1739 ὦ,
432 1662 512 1743 φησί,
527 1660 654 1726 πολλάκις
674 1683 707 1739 με
720 1660 886 1733 λυπήσοντες
900 1665 986 1740 ὑμεῖς,
1004 1656 1070 1725 ὦτδ

249 1760 271 1795 ¹⁶
287 1753 389 1829 πρῶτον
413 1749 524 1815 ἐνθέντες
547 1754 579 1827 τῇ
602 1752 653 1828 ἐμῇ
674 1748 780 1827 κέντρον
791 1754 881 1830 ψυχῇ,
902 1755 926 1810 οἱ
945 1753 1003 1811 τοτὲ
1023 1755 1070 1830 μὲν

288 1836 409 1916 σούαροί,
429 1841 473 1895 ν’ύν
487 1838 509 1894 δ’
524 1837 657 1916 ἐρωτικοί,
674 1840 762 1903 καλῶς
776 1861 822 1912 μοι
839 1840 1012 1911 διηκονήσατο
1025 1842 1070 1900 καί

286 1923 329 1981 τὸν
351 1922 435 2003 ἔρωτα
449 1921 493 1981 τδν
508 1922 571 1999 ἐμὸν
593 1926 681 1990 καλῶς
694 1928 730 1990 εἰς
743 1923 790 1994 τήν
808 1923 969 2004 Ἀύροκόμου
983 1927 1071 2008 ψυχήν

285 2009 455 2089 ὡδήγήσατε.
481 2016 625 2091 τοιγαρούιί
644 2016 711 2088 ὑμᾶς
733 2011 819 2070 πολλὰ
848 2014 916 2093 φιλῶ
941 2014 987 2072 καί
1009 2020 1070 2091 ὑμῖν

286 2099 425 2179 έφαρμόζω
437 2097 496 2164 τοὺς
514 2098 662 2179 ὀφθαλμοὺς
681 2098 740 2165 τούς
754 2097 846 2176 έμούς,
867 2099 927 2166 τούς
941 2100 1071 2182 Ἁόροκό-

246 2201 272 2238 20
287 2210 338 2262 μου
352 2185 497 2252 διακόνους
510 2189 584 2263 ὑμεῖς
599 2188 623 2244 δ’
639 2187 679 2246 ἀεί
701 2185 822 2265 βλέποιτο
837 2194 933 2261 ταῦτα,
947 2189 993 2248 καλ
1009 2190 1070 2263 μήθ’

286 2273 434 2354 Ἁύροκόμῃ
458 2273 541 2343 ἀλλην
565 2273 665 2345 δείξητε
686 2274 782 2347 καλήν,
802 2275 864 2351 μήτ’
876 2276 935 2351 ἐμοί
958 2275 1018 2354 δόξῃ
1035 2300 1071 2343 τις

285 2360 363 2427 ἀλλος
379 2358 520 2441 εὔμορφος·
537 2360 610 2440 ἔχετε
629 2360 774 2442 ψυχάς,ἀς
797 2365 872 2423 αὐτοί
896 2363 1068 2431 ἐξεκαύσατε·

284 2448 380 2514 τούτοις
391 2448 486 2525 ὁμοίως
498 2448 642 2531 τηρήσατε.
685 2454 770 2511 Ταῦτ’
787 2442 863 2523 είπι,
880 2450 925 2510 καί
938 2451 1069 2531 περιφύν-

286 2560 327 2603 τες
343 2536 504 2595 ἀνεπαύοντο
521 2536 566 2596 καί
581 2538 614 2595 τὰ
628 2541 720 2618 πρῶτα
734 2541 787 2598 τῶν
802 2538 953 2619 Ἀφροδίτης
968 2540 1070 2620 ἐρώτων

245 2639 271 2677 as
286 2622 430 2682 ἀπελανον·
451 2623 624 2703 ἐφιλονείκουν
646 2624 673 2682 δὲ
694 2626 727 2682 δι’
745 2624 807 2697 όλης
826 2631 873 2697 τῆς
895 2626 984 2693 νυκτός
1006 2628 1071 2706 πρὸς

285 2711 429 2786 ἀλλήλους,
445 2711 674 2791 φιλοτιμούμενοι,
690 2711 728 2779 τίς
742 2722 861 2791 φανεῖται
876 2716 976 2790 μᾶλλον
989 2717 1066 2794 ἐρῶν.

323 2798 355 2857 l‘.
379 2797 488 2870 Ἐπειδὴ
505 2799 529 2855 δ’
543 2797 631 2877 ἡμέρα
655 2797 755 2875 ἕγένετο
778 2797 916 2858 ἀνίσταντο
934 2799 1001 2860 πολὺ
1021 2800 1068 2878 μὲν

286 2886 398 2958 ήδίονες,
410 2885 478 2945 πολύ
500 2884 522 2944 δ’
537 2885 717 2965 εὐθυμότεροι,
735 2886 931 2955 ἀπολαύσαντες
946 2889 1068 2960 ἀλλήλων

283 2966 320 3031 διν
343 2972 509 3049 ἐπεθύμησαν
526 2972 613 3052 χρόνῳ
628 2974 727 3032 καλῶν.
771 2972 870 3054 Ἓορτή
885 2974 907 3033 δ’
920 2966 951 3047 ἦν
965 2974 1035 3043 ἅπας
1052 2982 1065 3036 ὁ

245 3079 272 3119 su
285 3061 338 3139 βίος
358 3063 444 3127 αὐτοῖς
465 3060 510 3117 καί
529 3058 614 3135 μεστὰ
635 3059 748 3138 εὐωχίας
770 3061 872 3133 πάντα,
895 3062 941 3120 καὶ
955 3062 1005 3136 ήδη
1024 3064 1069 3123 καί

284 3153 334 3206 τῶν
351 3146 570 3223 μεμαντευμένων
585 3146 662 3217 λήθη.
706 3146 776 3206 Ἀλλ’
792 3148 850 3227 οὐχί
868 3149 898 3207 τὸ
912 3150 1068 3229 εἱμαρμένον

285 3235 455 3307 ἐπελέληστο,
475 3237 533 3292 ἀλλ’
550 3236 602 3293 οὐδ’
623 3232 675 3314 ότιρ
690 3235 773 3294 ἐδόκει
788 3241 871 3295 ταῦτα
893 3242 943 3317 θεῷ
963 3242 1066 3316 ήμελει.

285 3323 390 3399 Χρόνου
404 3322 430 3381 δὲ
450 3322 590 3390 διελθόντος
608 3322 709 3400 όλίγου,
721 3322 838 3401 ἔγνωσαν
852 3328 875 3383 ol
897 3326 1008 3408 πατέρες
1023 3332 1067 3389 tx-

284 3410 398 3486 πέμπειν
420 3410 513 3476 αὐτοὺς
536 3413 582 3479 τῆς
604 3409 703 3476 πόλεως
725 3410 793 3468 κατὰ
811 3410 843 3469 τδι
863 3412 1067 3492 βεόουλευμένα·

245 3513 270 3554 as
282 3496 396 3574 ήμελλόν
411 3519 439 3556 τε
453 3497 504 3576 γὰρ
519 3496 601 3569 ἀλλην
619 3495 729 3578 ὄψεσθαι
748 3502 796 3590 γῆν
812 3498 857 3558 καί
881 3501 963 3568 ἄλλοις
979 3503 1068 3572 πόλεις

284 3587 385 3645 καὶτὸν
401 3593 446 3645 τοῦ
468 3591 526 3643 θεοῦ
539 3586 672 3665 χρησμόν,
696 3590 730 3652 ιὐς
743 3587 794 3645 οἱόν
816 3588 839 3645 τ’
854 3580 894 3661 ήν,
906 3591 1067 3669 παραμυθή-

284 3679 392 3745 σασθαι,
414 3673 608 3749 ἀπαλλαγέντες
628 3673 714 3751 χρόνῳ
736 3674 786 3731 τινί
803 3674 924 3757 Ἐφέσου.
976 3681 1067 3759 Παρε-

284 3849 386 3926 μεγάλη
410 3848 455 3906 καλ
480 3853 573 3905 ναῦται
595 3847 659 3925 πρὸς
683 3848 822 3927 ἀναγωγήν
850 3848 950 3926 ίτοιμοι
971 3852 1017 3909 καί
1035 3852 1067 3909 τά

243 3957 270 3995 ιο
284 3937 417 4009 ἐπιτήδειοι
431 3937 612 4009 ἐντθάλλοντο,
628 3937 713 4007 πολλή
728 3936 775 4014 μὲν
791 3937 867 4009 ἐσθής
878 3938 923 3997 καί
937 3939 1063 4016 ποικίλη,

282 4025 363 4091 πολὺς
382 4028 404 4083 δ’
421 4025 530 4105 ἄργυρος
548 4025 592 4083 καί
610 4029 719 4105 χρυσὸς,
739 4025 757 4096 ή
774 4049 802 4084 τε
814 4027 865 4083 τῶν
887 4026 975 4085 σιτίων
989 4031 1067 4106 ὑπερ-

283 4112 416 4170 ύάλλουσα
432 4112 551 4192 ἀφθονία.
593 4113 693 4174 Θυσίαι
707 4110 735 4171 δὲ
751 4111 801 4190 πρδ
815 4115 861 4183 τῆς
879 4115 1017 4191 ἀναγωγῆς
1035 4119 1066 4191 τῇ

283 4200 413 4281 Ἀρτέμιδι
422 4202 466 4259 καί
479 4201 554 4279 εὐχαί
568 4206 612 4258 τοῦ
628 4201 712 4275 δήμου
724 4200 821 4266 παντὸς
834 4199 879 4257 καί
892 4200 991 4280 δάκρυα
1005 4202 1068 4258 πάν-

283 4314 346 4365 των,
367 4293 402 4355 ὡς
425 4288 574 4364 μελλόντων
598 4287 814 4346 ἀπαλλάττεσθαι
839 4287 939 4346 παίδων
964 4293 1064 4346 κοινῶν.

244 4402 269 4440 ss
282 4370 337 4439 Ἦν
351 4377 373 4436 δ’
388 4381 402 4436 δ
416 4380 496 4444 πλοῦς
510 4376 595 4441 αὐτοῖς
610 4376 650 4434 ἐπ’
668 4375 801 4452 Αἴγυπτον
813 4378 1066 4454 παρεσκευασμένος.

283 4467 332 4533 Ὡς
346 4467 368 4524 δ’
379 4457 455 4537 ήλθεν
469 4470 486 4535 ή
501 4469 546 4535 τῆς
561 4467 699 4540 ἀναγωγῆς
709 4464 812 4543 ἡμέρα,
827 4465 919 4523 πολλοί
935 4464 982 4542 μίν
997 4467 1066 4524 οἰκέ-

282 4578 342 4625 ται,
358 4552 455 4612 πολλαί
471 4552 497 4610 δὲ
512 4551 669 4630 θεράπαιναι
689 4553 718 4583 “
734 4550 889 4623 Μελλούσης
903 4554 930 4611 δὲ
945 4557 991 4624 τῆς
1006 4554 1068 4619 νεὼς

283 4642 472 4716 ἐπανάξεσθαι,
497 4650 548 4697 πᾶν
571 4638 618 4715 μὲν
640 4638 670 4697 τό
686 4638 815 4717 Ἐφεσίων
832 4640 959 4717 (πλῆθος)
981 4646 1067 4720 παρῆν

284 4729 524 4808 παραπεμπόντων,
548 4726 644 4786 πολλαί
669 4726 696 4786 δέ
720 4728 764 4784 καί
786 4731 838 4784 τῶν
862 4727 975 4805 (ξένων)
1001 4729 1067 4803 μετδι

244 4840 270 4875 su
283 4816 430 4893 λαμπάδων
445 4817 490 4873 καί
509 4818 613 4875 θυσιῶν.
659 4816 703 4876 Ἐν
726 4816 810 4894 τούτῳ
826 4815 873 4891 μὲν
887 4810 931 4874 οὐν
953 4822 1065 4875 ollone·

285 4906 370 4980 μήδης
384 4905 428 4961 καὶ
442 4909 459 4974 ἡ
475 4905 618 4981 Θεμιστὼ,
636 4905 742 4963 πάντων
757 4903 803 4980 ἀμ’
819 4907 845 4963 έν
858 4905 1002 4982 ὑπομνήσει
1023 4928 1066 4981 γε·

285 4992 399 5068 νόμενοι,
421 4997 465 5050 τοῦ
491 4998 627 5071 χρησμοῦ,
649 4999 694 5051 τοῦ
710 4992 816 5065 παιδὸς,
837 4996 883 5064 τῆς
905 4991 1066 5068 ἀποδημίας,

286 5078 382 5136 ἔκειντο
397 5081 431 5144 εἷς
448 5083 496 5155 γῆν
511 5083 676 5154 ἀθυμοῦντες.
719 5080 753 5141 Ὁ
769 5079 796 5139 si
813 5080 976 5157 Μεγαμήδης
990 5079 1035 5137 καί
1051 5083 1066 5150 ἡ

287 5166 395 5235 Εὐίππη
410 5167 585 5225 ἐπεπόνθεσαν
596 5166 644 5242 μὲν
656 5168 688 5224 cd
700 5169 775 5241 αὐτὰ,
784 5169 950 5247 εὐθυμότεροι
961 5172 983 5227 δ’
991 5159 1068 5241 ἦσαν,

800 406 1073 467 XENOPHONTlS
1096 410 1395 473 EPllESlltCORUbt

1120 547 1219 610 pluero?
1230 549 1323 600 timide
1338 553 1362 598 ot
1380 551 1476 611 ίςιιενο,
1496 552 1612 613 quamdin
1628 565 1709 602 umere
1727 555 1855 603 crrnrtatus
1867 562 1898 602 rs?

1118 645 1235 705 qnnnrdiu
1254 646 1314 695 nulli
1327 645 1351 694 id
1366 647 1408 695 tibi
1425 659 1490 695 curer
1504 647 1596 697 tolita
1616 649 1676 697 rncis
1690 648 1772 707 usalis,
1787 663 1843 711 qun
1859 650 1898 711 ipo

1119 749 1200 798 passus
1218 737 1264 797 sis,
1277 738 1386 799 conjicio.
1421 741 1511 789 Verum
1523 741 1573 800 jarn
1586 753 1644 803 age,
1665 754 1730 789 meas
1744 741 1829 804 excipe
1842 742 1899 791 larri-

1119 843 1179 890 mss,
1193 831 1324 894 bibantque
1335 833 1455 899 elegantes
1467 848 1544 884 comm
1553 837 1604 885 tum
1616 837 1705 885 amoris
1713 838 1837 899 poculum,
1848 839 1898 887 insi

1119 943 1221 992 cernque
1234 933 1353 994 complexi
1365 932 1541 996 adhereamus,
1553 937 1621 986 itaut
1632 949 1728 987 coronae
1740 940 1831 989 mutuis
1837 938 1898 988 larri-

1120 1025 1164 1073 rnts
1175 1024 1289 1075 madeant
1302 1029 1327 1075 et
1338 1029 1447 1077 nostrum
1460 1042 1507 1078 uns
1519 1030 1576 1092 ipsse
1596 1042 1704 1080 amorem
1719 1032 1834 1082 sentiant
1864 1036 1898 1083 llis

1118 1123 1202 1185 dictis,
1222 1127 1301 1176 totum
1324 1128 1418 1177 rutturn
1439 1129 1492 1190 ejus
1516 1129 1680 1194 amplectitur,
1696 1131 1845 1197 sddncltquc
1857 1134 1898 1184 suis

1118 1226 1195 1275 oculis
1208 1239 1290 1276 rornss
1304 1229 1329 1278 et
1340 1228 1440 1292 suscipit
1457 1241 1570 1291 coronss,
1585 1233 1719 1282 susrlando
1733 1233 1790 1283 lecit
1805 1236 1833 1284 ut
1845 1234 1897 1283 labia

1118 1326 1210 1390 labellis
1224 1326 1391 1390 adbaererent,
1406 1333 1431 1379 et
1443 1343 1499 1392 qum
1514 1331 1615 1394 quicque
1629 1332 1767 1394 οοςίίιίκιί,
1782 1346 1814 1384 ει
1827 1334 1897 1383 animo

1118 1425 1143 1473 tn
1156 1424 1263 1475 animum
1279 1439 1321 1488 per
1335 1428 1417 1477 oscuts
1431 1427 1501 1478 lubils
1518 1428 1632 1492 impresse
1652 1430 1829 1481 transmittunt.
1860 1433 1896 1481 lla

1117 1526 1274 1577 adolescentis
1286 1528 1369 1578 oculos
1380 1529 1491 1588 basians,
1504 1543 1519 1578 ο
1533 1530 1643 1592 quoties,
1656 1531 1754 1594 inquit,
1773 1545 1812 1582 me
1825 1532 1896 1582 dolore

1117 1624 1242 1674 affecistis!
1258 1626 1300 1688 qui
1315 1625 1421 1688 primum
1435 1627 1494 1676 mibi
1509 1627 1621 1679 indnistts
1634 1629 1715 1679 auimo
1728 1630 1847 1692 ansteum,
1860 1644 1896 1679 ros

1117 1725 1240 1785 quondam
1253 1724 1381 1787 superbiae,
1392 1737 1458 1775 nunc
1471 1726 1560 1776 emorls
1574 1726 1648 1789 pleni,
1659 1728 1750 1790 optime
1758 1729 1791 1780 de
1804 1743 1843 1780 nre
1852 1742 1893 1779 ms·

1118 1821 1212 1881 ruistis,
1227 1823 1315 1885 quippe
1331 1824 1373 1885 qui
1388 1836 1495 1874 aurorem
1512 1825 1559 1874 rnet
1579 1825 1604 1873 in
1619 1824 1779 1878 Habrocomae
1798 1829 1894 1878 animum

1118 1919 1268 1970 induxeritis.
1302 1924 1353 1970 Vos
1367 1921 1450 1984 ltaque
1468 1922 1603 1981 exosculor,
1617 1922 1685 1973 vobis
1696 1922 1770 1975 bosca
1786 1938 1850 1976 meos
1860 1925 1894 1976 ad·

1118 2032 1204 2070 rnoreo
1215 2021 1298 2071 oeulos
1311 2021 1472 2071 llabrocomm
1484 2021 1594 2071 temutes.
1629 2023 1669 2071 sic
1682 2036 1726 2073 ros
1744 2037 1838 2088 semper
1850 2025 1894 2075 mc

1117 2118 1243 2181 spectetis,
1256 2118 1387 2167 nonullam
1404 2117 1564 2168 Habrocomse
1575 2120 1690 2183 elegantis
1703 2122 1789 2173 tornum
1802 2125 1892 2187 ροείίιιο

1117 2213 1245 2273 ostendite,
1258 2227 1287 2263 ac
1300 2227 1372 2264 nemo
1383 2214 1442 2263 mlbl
1455 2214 1555 2277 pulcher
1565 2215 1627 2266 alius
1638 2216 1760 2268 videetur.
1793 2223 1828 2270 En
1837 2220 1893 2269 robis

1117 2317 1209 2365 animas
1219 2316 1327 2377 nostres,
1343 2327 1404 2378 quas
1417 2314 1558 2379 exussistis3
1569 2315 1612 2367 bes
1625 2317 1712 2369 babete
1722 2322 1749 2370 et
1759 2321 1810 2384 pari
1825 2320 1893 2371 stultu

1116 2414 1218 2463 servate.
1252 2414 1309 2462 Ilmc
1327 2412 1375 2461 tllu.
1409 2414 1471 2463 Turn
1495 2416 1582 2464 rnutno
1598 2415 1712 2478 amplexu
1737 2417 1853 2470 hmreatas
1864 2430 1892 2466 re

1117 2514 1242 2576 quievere,
1253 2526 1282 2564 ac
1291 2516 1416 2577 rarpentes
1429 2518 1489 2566 tunc
1500 2516 1606 2579 primurn
1615 2518 1716 2570 veneris
1723 2520 1820 2584 medin
1828 2522 1892 2574 unu
1924 2564 1925 2601 3

1117 2620 1213 2667 noctem
1237 2629 1333 2666 summa
1354 2617 1506 2667 pernotatione
1528 2619 1591 2667 iuter
1605 2631 1631 2669 se
1644 2619 1835 2683 contenderunt,
1848 2624 1892 2671 utar
1924 2632 1925 2709 3

1117 2716 1193 2777 rnegis
1205 2728 1289 2765 amans
1303 2715 1433 2765 rideretur.
1924 2716 1925 2755 ἲ

1147 2819 1177 2865 κ.
1195 2816 1240 2865 σοι
1256 2815 1344 2876 ιιιωιι,
1359 2815 1494 2865 proniore
1506 2815 1683 2880 senonisque
1694 2816 1892 2880 mensemque
1924 2802 1925 2889 ί

1116 2910 1213 2958 tundens
1224 2909 1334 2959 felicibus
1346 2909 1392 2959 ibis
1401 2909 1551 2972 temporibus
1563 2909 1656 2959 mundio
1670 2913 1793 2974 exoptetis
1805 2913 1847 2962 troi
1857 2910 1891 2960 siti

1116 3008 1219 3057 invicem
1233 3007 1378 3069 contigisset.
1411 3007 1556 3057 vitaomnis
1570 3010 1622 3058 erat
1634 3008 1663 3058 iis
1677 3008 1746 3071 quast
1757 3008 1891 3065 toruus

1115 3104 1245 3165 omnisque
1254 3103 1420 3153 conviviorum
1432 3076 1511 3166 plenu,
1519 3104 1590 3165 adeo,
1598 3106 1627 3153 ut
1631 3104 1681 3166 J'am
1690 3105 1786 3156 oraculi
1797 3114 1892 3169 respousa

1115 3200 1196 3249 anirno
1207 3198 1354 3249 exciderent.
1388 3203 1480 3249 verum
1493 3212 1542 3249 non
1559 3213 1588 3250 ee
1599 3200 1648 3251 lato
1663 3200 1821 3265 exciderant,
1831 3210 1891 3252 neca

1115 3300 1161 3350 deo
1171 3299 1361 3362 negligebantur,
1373 3299 1481 3362 quisquis
1492 3298 1533 3349 ille
1544 3299 1599 3361 tuit,
1612 3300 1653 3363 qui
1667 3299 1819 3351 decreverat
1848 3301 1892 3349 nu
1924 3284 1925 3377 3

1116 3401 1193 3451 multo
1210 3405 1263 3463 post
1271 3402 1380 3463 ternpore
1391 3412 1406 3448 a
1417 3398 1571 3462 parentibus,
1583 3398 1672 3462 quibus
1685 3398 1710 3449 ld
1721 3401 1841 3451 statutum
1850 3398 1892 3448 lue·
1924 3468 1925 3483 3

1116 3506 1153 3552 rat
1164 3502 1238 3565 prius,
1249 3514 1347 3564 peregre
1359 3501 1497 3562 mittuntur,
1513 3503 1541 3550 ut
1552 3499 1643 3550 scilicet
1654 3498 1714 3550 alias
1724 3501 1845 3562 rmlones,
1858 3511 1891 3546 ur·
1924 3492 1925 3551 ζ

1116 3601 1205 3663 bosque
1219 3598 1276 3648 olias
1287 3598 1411 3648 riderent:
1423 3610 1449 3647 se
1461 3597 1524 3647 enim
1537 3596 1575 3646 dei
1590 3608 1730 3658 responsum
1743 3596 1891 3660 mitigaturus

1115 3700 1193 3764 quood
1207 3700 1241 3749 tas
1253 3701 1328 3758 esset,
1343 3698 1474 3761 putabunt,
1486 3697 1506 3747 si
1517 3697 1664 3759 aliquamdiu
1678 3697 1771 3759 llplreso
1787 3696 1890 3747 enormi-

1117 3806 1233 3854 Peruntur
1242 3801 1271 3852 ud
1286 3802 1417 3853 discessum
1429 3801 1527 3852 omnis:
1542 3814 1628 3863 magna
1640 3801 1721 3861 narb,
1731 3795 1891 3865 nauloquead

1115 3908 1252 3959 ducendum
1261 3907 1349 3970 idonei,
1359 3907 1488 3971 omniaque
1497 3907 1629 3957 naoemmie
1638 3905 1891 3970 imperiorumque

1115 4016 1225 4064 riveriae
1244 4016 1336 4075 restes,
1349 4014 1454 4063 multum
1467 4014 1558 4076 argenti
1578 4015 1602 4062 et
1620 4013 1688 4072 euri,
1708 4013 1892 4070 commeatusque
1924 4026 1925 4077 γ

1116 4120 1241 4180 plurimus.
1273 4118 1583 4171 numerusnumerous,
1596 4116 1890 4182 utductusuoopitulare·

1114 4228 1166 4285 tur,
1181 4224 1329 4274 necdetuere
1341 4236 1423 4286 preses
1431 4223 1505 4273 totius
1515 4222 1606 4285 populi,
1618 4222 1779 4285 omniumque
1789 4222 1890 4274 lacrimo,
1924 4260 1925 4263 ,

1115 4328 1188 4378 rotuli
1200 4328 1371 4378 communibus
1378 4327 1457 4388 gustis
1467 4325 1653 4376 discedentibus.
1687 4323 1891 4389 llavtguttonemin
1924 4360 1925 4395 3

1114 4440 1243 4498 AEgyptum
1256 4434 1411 4497 paraverant3
1422 4446 1527 4495 curnquc
1538 4432 1642 4482 obeundi
1654 4432 1705 4483 dies
1717 4433 1822 4491 edesse,
1831 4431 1855 4455 ⁴*
1864 4428 1891 4476 la·
1924 4400 1925 4445 ί

1115 4543 1236 4591 mutorum
1247 4543 1273 4591 et
1284 4539 1425 4589 ancillarum
1438 4539 1579 4600 trequentia.
1611 4540 1674 4589 cum
1684 4539 1753 4589 nevis
1763 4533 1892 4589 deducenda

1114 4649 1188 4707 esset,
1198 4648 1276 4697 omnis
1285 4644 1443 4708 Ephesiorum
1454 4643 1583 4693 multitudo
1595 4643 1785 4706 prosequebatur
1795 4645 1820 4693 et
1831 4636 1891 4691 nrulti
1924 4654 1925 4701 γ

1113 4757 1151 4813 et
1158 4753 1365 4817 mregrlnlslcurn
1377 4750 1528 4813 lampadibus
1538 4754 1562 4801 et
1571 4748 1722 4801 suttrmeutis.
1756 4746 1892 4804 lutemaly-
1924 4710 1925 4771 ί

1114 4859 1225 4909 ιιιιιιειίεε
1235 4860 1261 4908 et
1272 4857 1403 4916 Themisto,
1414 4857 1495 4907 omniu
1507 4856 1578 4906 strunt
1592 4854 1757 4916 recordantes,
1765 4851 1891 4904 omcuum

1115 4963 1200 5023 sitione,
1213 4962 1288 5023 ipsius
1299 4961 1523 5024 peregrinationem,
1537 4958 1605 5010 lrurnl
1620 4958 1734 5020 jacebant
1745 4951 1890 5009 coustumii-

1114 5070 1205 5118 t‘eriter
1220 5067 1370 5129 llcgemedes
1383 5069 1407 5118 et
1417 5068 1521 5129 Euippe,
1536 5069 1563 5116 ut
1576 5068 1605 5116 ut
1617 5039 1708 5116 meliori
1721 5064 1800 5115 essem
1810 5063 1890 5111 inimo.

1114 5186 1214 5235 eorum,
1227 5185 1283 5234 qurc
1301 5172 1416 5235 predicte
1437 5172 1545 5230 inerant,
1561 5171 1633 5221 tinem
1650 5168 1809 5232 respicientes.
1841 5165 1891 5212 lam
