3954 5978
839 463 957 524 arnna
978 463 1031 523 rx.
1701 482 1738 533 aa

193 586 218 645 υί
233 589 323 666 πρῶτα
340 585 528 664 δακρύσαντες,
545 587 579 650 ὡς
594 583 663 665 γήρα
676 586 765 661 νόμος,

194 678 240 741 τὰς
253 677 324 753 σφῶν
339 672 455 751 κεραλδις
467 671 621 753 κατερίλουν
639 671 775 751 ἀσμένως,

195 761 319 840 ἔχαιρον,
334 760 430 836 ἤλγουν
438 798 455 831 ,1
463 758 606 835 εθθύμονν,
618 758 787 840 ἐδυσφόρουν,

131 873 179 912 icc
192 849 341 927 ῆγαλλίων,
352 848 474 919 ἔκλαιον,
489 846 608 925 ἐκρότουν
623 847 704 924 μέγα·

193 939 224 997 ei
238 942 284 1007 τῆς
298 945 383 1016 χαρᾶς
400 936 511 1015 δάκρυον
526 935 594 1017 ἔρρει
609 936 766 1015 πλησμίως,

191 1029 237 1096 τῆς
247 1027 383 1103 χαρμονῆς
394 1026 408 1080 6
420 1027 510 1102 θρῆνος
524 1027 621 1102 θψοῦτο
634 1021 723 1084 πλέον.

197 1108 302 1181 iliaci<
311 1111 337 1167 δέ
350 1119 424 1167 πᾶσα
438 1112 572 1187 Βαρζιτῶν
586 1112 664 1189 κοινῷ
677 1111 784 1191 δρόμῳ,

195 1199 252 1257 ἐπεὶ
266 1199 296 1256 τὸ
311 1197 415 1274 συμόδν
427 1200 457 1256 ἐκ
471 1198 626 1276 βοηδρόμων
642 1198 736 1273 μάθοι,

134 1309 177 1348 tio
192 1286 334 1359 ίξῆλθοσαν
344 1286 479 1365 χαίροντες
493 1285 602 1352 οἰκείους
613 1286 722 1362 δόμους,

190 1380 214 1436 οἱ
228 1378 362 1447 παῖδες,ῆ
377 1380 473 1457 γραῦς,
486 1379 499 1433 6
511 1378 636 1455 σρριγῶν,
649 1378 666 1444 ῆ
681 1375 823 1455 παρθένος,

191 1463 282 1543 μεῖραξ
294 1508 302 1535 ,
315 1465 395 1541 γυνὴ,
407 1464 468 1529 παῖς
480 1463 572 1534 ἁπαλὴ
588 1462 632 1520 καί
644 1461 794 1541 πρεσόύτις,

192 1553 285 1618 πάντες
299 1550 525 1630 προσεπτόσσοντο
537 1549 623 1609 πυκνὰ
634 1554 686 1616 τοῖς
697 1551 773 1618 νέοις.

190 1640 225 1702 Ὁ
237 1644 328 1719 θρῆνος
340 1637 457 1709 ἠκόντιζε
470 1638 513 1696 τδν
525 1637 605 1697 πόλον
615 1638 717 1717 κρότῳ,

130 1751 171 1786 uro
191 1726 341 1806 ἡχαρμσνῆ
356 1728 378 1785 δ’
393 1725 477 1785 ἔκλινε
491 1724 538 1797 τὴν
553 1726 715 1806 θρηνῳδίαν·

192 1815 261 1875 οὕτω
274 1819 417 1897 συνάλγουν
430 1818 474 1876 καὶ
491 1818 661 1897 συνεσκίρτων
679 1819 755 1877 πάλιν
814 1854 818 1859 -

190 1907 244 1969 τοῖς
259 1905 376 1986 πατράσι
388 1908 458 1985 σριῦν
474 1913 547 1963 πᾶσα
557 1910 646 1971 κοινῶς
659 1910 676 1976 ῆ
688 1905 769 1973 πόλις.

192 1990 274 2056 tiri<
285 1992 312 2049 δέ
327 1990 445 2072 Φράτωρ
459 1995 491 2071 τῆ
505 1993 634 2072 Δροσίλλη
645 1992 765 2073 παρθένῳ

193 2081 384 2157 άντεμπλακεὶς
395 2085 430 2148 ὡς
441 2082 486 2139 καί
497 2082 579 2161 τέκνῳ
592 2082 768 2159 προσωμίλει·

139 2189 177 2226 rao
192 2194 203 2217 r
220 2166 368 2237 Γάννυσθε,
382 2165 491 2240 παῖδες,
507 2163 571 2246 πρὸς
585 2173 668 2242 γονεῖς
685 2166 858 2241 σεσωσμένοι·

191 2282 202 2304 u
220 2255 325 2320 διπλοῦς
334 2255 384 2335 γδιρ
395 2255 468 2332 ὑμεῖς
480 2255 613 2333 εὐωχεῖτο
627 2252 758 2332 πατέρας,

191 2370 201 2394 r
217 2345 252 2408 όνς
266 2335 337 2408 αὖθις
351 2346 428 2415 ἡμεῖς
442 2344 603 2421 εὐτυχοῦμεν
617 2340 717 2400 τεκνία.

192 2458 202 2481 ν
218 2428 267 2495 Ὡς
279 2427 359 2496 δεξιὸν
374 2430 403 2488 τὸ
417 2428 501 2509 τέρμα
514 2431 561 2500 τῆς
574 2431 646 2504 θμιῦν
661 2428 780 2502 πλάνης,

190 2545 201 2566 ι
217 2519 251 2583 ὡς
265 2515 375 2595 εὐτυχὴς
389 2519 406 2587 ἡ
420 2515 491 2588 λῆξις
506 2519 585 2587 ἡτῶν
596 2516 727 2594 δακρύων.

137 2625 175 2662 rao
191 2632 203 2656 r
220 2603 338 2671 Σώζεσθε
350 2603 395 2661 καί
409 2607 528 2682 τηρεῖσθε
542 2603 606 2683 πρὸς
620 2603 758 2682 συζυγίαν,

191 2721 201 2741 ν
218 2689 260 2756 σθς
272 2693 296 2750 σί
306 2690 359 2749 θεοὶ
369 2695 488 2771 συνῆψαν
501 2693 537 2758 ὡς
549 2691 730 2769 νυμροστόλοι.
747 2718 759 2742 a

190 2777 265 2838 Ἐπεί
278 2777 305 2836 δὲ
321 2786 429 2857 μακροῖς
443 2780 496 2844 τοῖς
507 2777 565 2853 μετ’
577 2778 698 2851 ἀλλήλων
714 2778 798 2859 λόγοις

191 2866 236 2923 καὶ
251 2864 329 2946 μέχρι
341 2866 431 2932 νυκτὸς
442 2866 619 2943 ῆσχολημένοι

189 2953 321 3030 μνήσαντο
333 2953 438 3033 δόρπου·
451 2953 496 3012 καὶ
511 2955 620 3023 καθίσας
631 2960 645 3014 6
658 2956 762 3017 Γνάθων

136 3061 174 3100 roo
189 3041 257 3098 αἰτεῖ
269 3042 332 3119 παρ’
342 3042 414 3120 αὐτῷ
424 3042 458 3106 ὡς
468 3040 570 3100 καθίσαι
585 3044 630 3100 καί
643 3043 769 3124 Φράτωρ.

186 3129 303 3207 Φράτωρ
315 3127 354 3201 δὲ,
370 3137 421 3194 τοῖς
435 3129 570 3196 Γνάθωνος
580 3130 685 3199 ὑπείξας
697 3132 794 3209 λόγοις,

186 3217 231 3273 καὶ
244 3217 385 3296 Μυρτίωνα
396 3216 561 3275 συνθακεύειν
573 3217 658 3290 ἠξίου·

189 3308 203 3360 6
216 3304 338 3382 θίυρτίων
351 3304 378 3362 δὲ
389 3304 500 3382 νυμφίον
514 3306 659 3384 Χαρικλέα,

186 3391 231 3450 καί
242 3396 303 3465 γοῦν
317 3393 453 3471 Χαρικλῆς
464 3392 511 3463 τῆν
523 3394 669 3472 Δρόσιλλαν
683 3397 821 3474 παρθίνον.

135 3501 173 3539 toa
186 3481 221 3539 Οἱ
231 3481 299 3557 τρεῖς
314 3480 360 3554 μίν
375 3477 517 3552 δκλίθησαν
528 3480 554 3549 ἐξ
563 3480 714 3557 εὐωνύμων,

186 3568 213 3623 έν
227 3565 317 3634 δεξιαῖς
328 3566 357 3624 δί
366 3565 512 3646 προσφιλὴς
522 3569 649 3645 συζυγία,

186 3652 262 3720 αθτδς
277 3655 411 3733 Χαρικλῆς
424 3654 526 3726 δηλαδὴ
537 3655 583 3713 καί
600 3655 735 3735 παρθένος·

185 3743 211 3808 δς
222 3746 251 3802 οὗ
264 3741 371 3821 μετρίας
386 3741 508 3822 μέμψεως
519 3741 658 3815 κατηξίου,

189 3829 248 3888 ἀλλ’
262 3828 361 3909 tipice
377 3829 405 3888 δὲ
419 3831 519 3907 μᾶλλον
532 3828 578 3889 καὶ
593 3831 786 3908 τωθασμάτων,

131 3941 171 3977 σου
185 3918 229 3976 τὸν
244 3918 324 3977 αἴτιον
337 3918 462 3979 Γνάθωνα
476 3922 528 3976 τῶν
540 3918 717 3995 ξενισμάτων,
738 3987 742 3998 ¹

185 4007 210 4072 ὃς
223 4005 260 4081 μὴ
272 4006 417 4085 Δρόσιλλαν
431 4007 555 4065 ἀπέναντι
568 4009 669 4066 καθίσαι

185 4097 234 4151 τῶν
249 4093 407 4152 έκταθέντων
421 4093 445 4159 ἐξ
458 4093 552 4170 ἔρωτος
561 4094 687 4170 ὀμμάτων

184 4181 229 4239 καὶ
242 4181 383 4259 Μυρτίωνα
401 4179 443 4238 τὸν
452 4179 570 4259 φύσαντα
584 4182 631 4251 τὴν
640 4180 727 4264 ,κόρην

184 4266 260 4347 ἐγγὺς
271 4267 334 4346 παρ’
346 4268 425 4325 αὐτοῦ
437 4269 484 4337 τῆς
495 4267 623 4345 καθέδρας
633 4270 672 4345 τῷ
681 4266 771 4351 τόπῳ,

130 4376 169 4415 ουν
184 4355 253 4422 ὅπως
265 4354 392 4426 τοσαύτης
406 4358 541 4434 χαρμονῆς
555 4354 727 4432 τελουμένης,

184 4447 390 4523 άντιπροσωπῶν
406 4441 579 4521 ἐμόλέποιτῇ
597 4443 728 4524 παρθένῳ.

190 4532 242 4591 Ναὶ
258 4532 311 4607 μὴν
325 4533 460 4610 ineptiae
472 4531 499 4589 δὲ
515 4536 581 4606 (πᾶς
595 4555 632 4599 τις
644 4531 787 4612 έκρράσοι)

122 4670 132 4689 ,
182 4618 228 4676 καῖ
241 4621 279 4698 τῷ
291 4620 414 4699 κυπέλλῳ
425 4620 588 4691 τηλικούτων
600 4618 710 4698 χειλέων

186 4708 281 4785 ἄριστα
294 4707 439 4785 θιγγάνοντι
453 4710 505 4765 τῶν
518 4712 564 4778 τῆς
577 4706 724 4787 παρθένου·

129 4814 169 4852 aro
183 4793 335 4863 ἐζηλοτύπει
349 4793 395 4852 καί
407 4793 472 4874 πρδς
487 4795 556 4854 οἴνου
570 4795 618 4867 τὴν
633 4798 722 4873 πόσιν,

181 4884 215 4946 ὡς
230 4882 266 4947 είς
276 4882 422 4959 Δροσίλλης
436 4882 614 4953 πλησιάζοντα
629 4884 727 4961 στόμα.

184 4968 264 5029 Οῦτω
279 4969 326 5044 μέν
342 4960 385 5028 οῦν
400 4961 471 5050 ε’ίχεν
487 4969 520 5027 τδι
534 4974 581 5040 τῆς
592 4970 762 5038 πανδαισίας·

182 5056 228 5114 καί
244 5056 288 5125 νθζ
302 5058 458 5134 μελάμπους
473 5060 612 5136 ίγχυθεῖσα
623 5067 675 5125 τοῖς
690 5058 785 5130 ζένοις,

182 5146 364 5204 κατεσπακυῖα
378 5143 425 5217 τῆν
440 5145 532 5204 στάσιν
544 5149 596 5203 τῶν
606 5144 720 5225 δρρόων,

134 5252 170 5290 αι’.
191 5232 235 5290 τὸν
251 5232 365 5309 νήδυμον
380 5235 451 5313 occia
466 5223 527 5310 ἦγεν
542 5234 685 5312 όρθαλμοῖς
699 5231 789 5291 θπνον.

986 610 1074 661 Eiinsia
1095 611 1200 675 primurn
1215 613 1335 677 lacrymis,
1357 617 1400 678 qui
1417 618 1454 667 eat
1469 618 1551 667 senilia
1573 631 1625 667 moa
1645 620 1740 680 auca,

954 699 1028 749 ambo
1036 698 1166 751 liberorum
1178 700 1284 753 hilariter
1293 703 1398 754 orculari
1411 705 1504 766 capita,
1516 705 1637 768 gandera,
1649 707 1739 770 dolere,

955 788 1016 838 iaeiia
1026 801 1092 838 nunc
1103 801 1157 839 aaae
1173 790 1344 854 ammianum
1361 790 1488 855 dammis,
1500 794 1615 855 exulum,
1635 796 1739 857 plorare,

956 888 1041 926 manua
1050 877 1210 941 complodere.

985 962 1058 1014 ibant
1072 964 1177 1015 ubertim
1191 978 1234 1028 per
1254 979 1299 1016 cra
1312 966 1428 1029 lacrymae
1441 980 1502 1031 quaa
1518 971 1669 1033 exprimebat
1681 985 1738 1034 gau·

952 1051 1036 1112 diurn,
1051 1057 1076 1101 et
1088 1052 1198 1103 laetitiam
1209 1053 1305 1105 νίσσετο
1317 1054 1420 1116 ςςοιιιῖιιιο
1432 1040 1585 1108 videbantur.

983 1141 1083 1191 iuterim
1096 1142 1245 1192 Barziiarnm
1260 1143 1403 1206 mullitudo,
1416 1157 1442 1194 re
1454 1157 1497 1208 per
1511 1158 1622 1196 corroree
1635 1150 1694 1196 nota
1705 1185 1711 1208 ‚
1724 1161 1738 1198 e

952 1228 1064 1278 domibua
1074 1229 1151 1279 eliaca
1161 1230 1272 1292 ruebant,
1285 1232 1441 1293 puerinum,
1454 1231 1542 1283 ilorena
1550 1235 1623 1284 aelate
1631 1234 1737 1296 iuuenis,

952 1316 1109 1378 adolescens,
1125 1318 1206 1381 puelle
1226 1319 1323 1379 unere,
1341 1320 1421 1371 accior
1437 1320 1542 1384 mulier,>
1555 1323 1637 1373 cuncti
1653 1324 1737 1374 crebro

951 1408 1060 1455 amantea
1071 1404 1133 1455 uluoa
1146 1406 1361 1469 amplectebantur.

983 1659 1093 1707 Gemitus
1103 1657 1195 1707 aethera
1210 1658 1329 1708 feriabant
1340 1660 1424 1721 acuti,
1442 1660 1526 1712 lactttb
1537 1662 1643 1713 lamenta
1661 1664 1736 1726 repri-

951 1745 1045 1807 rnebat3
1068 1744 1129 1795 adeo
1145 1747 1286 1809 parentibus
1310 1748 1509 1811 «implorabunt,
1529 1762 1558 1801 ac
1576 1764 1661 1803 ςιιτευε
1676 1765 1734 1802 curn

950 1832 985 1883 eia
1002 1847 1050 1883 una
1066 1835 1186 1885 calebant
1200 1834 1272 1886 simul
1281 1838 1332 1887 lota
1346 1837 1442 1888 oritas.

981 2006 1033 2067 ipae
1047 2005 1149 2054 Ptrrator
1159 2004 1286 2056 brocillam
1298 2007 1426 2069 uirginem,
1435 2009 1463 2057 ut
1473 2009 1540 2071 pater
1553 2009 1636 2072 saliam,
1648 2014 1734 2062 mutuo

949 2093 973 2142 in
984 2092 1097 2154 amplexu
1110 2093 1294 2156 alloquebatur:
1305 2114 1318 2138 r
1331 2095 1523 2157 oaudmetibert
1538 2100 1734 2161 parentibnsaer-

949 2201 961 2224 ι
977 2181 1039 2230 vati!
1054 2179 1124 2230 bioca
1143 2181 1231 2232 etenim
1245 2182 1355 2244 potimini
1372 2185 1470 2245 patrea,
1483 2187 1510 2234 ct
1522 2197 1567 2234 noa
1579 2199 1662 2236 rarraua
1673 2186 1735 2237 cuce

949 2268 1056 2330 potimur
1068 2269 1163 2320 liberor.

978 2436 1058 2492 Quam
1073 2433 1209 2484 fortunatus
1228 2446 1338 2484 errorum
1353 2436 1486 2485 vestrorum
1510 2436 1635 2495 terminus,
1658 2450 1732 2500 quam

947 2521 1005 2570 telin
1026 2521 1188 2584 lacrymarum
1212 2521 1281 2571 inb!
1302 2522 1381 2572 vivite
1403 2523 1434 2572 ad
1455 2523 1592 2585 conjugium
1616 2525 1732 2575 reseruati

946 2608 1019 2659 ambo
1026 2643 1034 2670 ,
1044 2622 1107 2673 quoa
1121 2608 1164 2659 bei
1176 2609 1221 2672 ipai
1233 2608 1337 2673 pronubi
1349 2610 1487 2661 conmciare
1496 2615 1588 2661 arnnal.

977 2780 1192 2847 Postquamionpja
1201 2781 1450 2847 clatiooctemuaque
1460 2784 1610 2834 sermonibus
1620 2787 1732 2850 uiceaper

945 2868 1050 2922 elicroca
1066 2882 1191 2931 vacavere,
1212 2872 1309 2923 tandem
1329 2873 1489 2924 meminerunt
1500 2887 1592 2934 ccccm,
1611 2888 1639 2924 ec
1655 2876 1731 2924 consi·

946 2958 1005 3011 dena
1015 2962 1112 3012 Guctbc
1134 2962 1274 3013 Phratorenr
1285 2961 1357 3024 jubet
1369 2967 1398 3011 nt
1408 2962 1511 3012 arrideat
1525 2962 1588 3026 atbi3
1598 2963 1636 3012 cui
1646 2976 1732 3025 parens

947 3050 1049 3100 Phrator
1066 3055 1091 3100 el
1103 3050 1222 3114 Myrtiona
1242 3054 1310 3112 rogat
1331 3054 1359 3100 ui
1378 3050 1483 3101 vicinum
1495 3051 1541 3101 cibi
1555 3052 1635 3100 locum
1656 3064 1730 3100 occu-

946 3151 1003 3201 pare
1013 3139 1070 3189 velit
1078 3155 1086 3201 ς
1099 3139 1213 3201 deinceps
1226 3138 1362 3190 citarieicm
1380 3151 1497 3203 aponaurn
1508 3140 1612 3202 llyrlion
1626 3138 1729 3200 invitat,

946 3227 1075 3277 lircaillem
1087 3226 1217 3278 clatriclee.

975 3477 1034 3525 Trea
1045 3475 1113 3537 princi
1128 3473 1158 3524 ad
1169 3475 1255 3525 laeuam
1268 3473 1441 3538 recubuerunt,
1453 3475 1482 3524 ac
1498 3474 1607 3526 dextram
1619 3488 1660 3539 par
1670 3475 1729 3527 illuri

944 3562 1060 3626 amabile,
1077 3563 1199 3614 Chariclca
1209 3563 1301 3651 acillcei
1311 3563 1433 3627 virgoque.

918 3736 921 3813 i
976 3738 1016 3788 lile
1025 3742 1107 3789 eutem
1120 3751 1168 3788 con
1174 3738 1221 3788 leri
1230 3736 1419 3800 reprehensione,
1430 3735 1504 3785 immo
1513 3736 1646 3799 opprobriis
1653 3736 1729 3786 lacm-

942 3825 1020 3886 sebai,
1033 3826 1129 3890 sibique
1147 3826 1250 3876 babebat
1268 3826 1373 3875 ludibrio
1391 3825 1543 3874 Gnathonem
1554 3824 1656 3887 bospitio
1666 3826 1730 3886 iprsos

943 3915 1020 3964 amice
1046 3915 1222 3977 excipientem,
1241 3914 1299 3971 iulia
1314 3916 1396 3961 tamen
1416 3911 1574 3973 promeritam
1590 3917 1672 3971 ratila,
1686 3914 1728 3975 qni

944 4003 1072 4052 Drusillam
1084 4016 1132 4052 non
1147 4000 1300 4052 collocaverit
1314 4011 1370 4048 suoe
1389 3998 1519 4048 abromum
1529 3999 1631 4058 ocutos,
1645 4012 1728 4051 cancre

944 4093 1077 4141 marceniae
1091 4089 1184 4149 oculos,
1197 4100 1241 4138 nec
1252 4086 1396 4149 blprlionem
1407 4085 1492 4148 puellae
1512 4088 1604 4148 patrem
1613 4087 1657 4135 sibi
1672 4088 1727 4137 rici·

943 4192 1011 4238 num,
1026 4181 1054 4229 ut
1067 4179 1146 4241 poscet
1158 4179 1182 4225 in
1201 4177 1246 4226 boc
1263 4174 1354 4225 solenni
1371 4173 1459 4235 gaudio
1472 4173 1597 4225 adversam
1610 4176 1726 4238 uirginem

942 4272 1055 4331 spectare.

973 4536 1083 4587 Proiecto
1094 4534 1165 4586 elima
1176 4532 1298 4585 inuidebat
1310 4536 1398 4598 poculo
1411 4536 1419 4597 i
1430 4534 1508 4600 quiris
1519 4533 1542 4583 iul
1556 4534 1623 4584 lacilc
1636 4533 1724 4583 intelli·

940 4626 996 4691 get)
1009 4625 1096 4676 labella
1106 4623 1190 4688 puellae
1202 4626 1251 4674 lam
1263 4624 1364 4688 pulebra
1374 4622 1478 4688 perbene
1497 4623 1616 4684 imperta
1631 4621 1723 4672 incide·

940 4713 1031 4777 batque
1040 4713 1106 4774 rino,
1116 4712 1152 4761 ori
1165 4709 1230 4774 quoti
1240 4710 1344 4760 lirosilla
1357 4712 1456 4774 propius
1469 4708 1618 4759 admoueret.

971 4801 1010 4850 sic
1030 4803 1152 4864 ροτοσιυιτι
1171 4802 1208 4849 eat
1241 4797 1396 4860 convivium3
1415 4800 1440 4849 et
1457 4810 1504 4848 nox
1524 4797 1597 4861 nigria
1619 4798 1725 4861 irrepens

940 4887 1065 4950 vetigia,
1078 4888 1263 4952 deprimenaqne
1272 4889 1430 4938 convivarum
1440 4885 1576 4950 supercilia,
1585 4886 1661 4937 oculis
1673 4887 1724 4937 riul-

939 4989 992 5026 ccm
1007 4975 1094 5025 intollit
1105 4988 1226 5038 acporom.
