3932 5946
268 410 325 461 256

266 530 345 608 γύρου
360 526 406 583 καὶ
430 524 535 592 ἐσθῆτος
549 519 671 599 ἀφθονία,
685 517 788 597 (πολλὰ
805 517 856 594 γὰρ
877 516 935 575 τόδ’
953 517 969 573 ἀ
984 516 1051 574 >cord

265 615 295 672 τὸ
310 613 439 683 σπήλαιον
453 613 525 685 ὑμῶν
540 610 564 666 τ’
583 606 754 683 ἀφελόμενοι,
771 604 859 662 ἄλλων
873 606 895 662 τ’
916 604 1050 673 ἀποσυλή-

267 723 372 769 σαντες,
386 694 518 769 όθόαμις
534 691 580 751 καλ
593 694 617 750 οἱ
630 691 676 750 σθν
699 693 772 771 αὐτῷ
791 690 958 767 κατέθεντο),
980 690 1052 748 σίτου

267 787 294 845 δέ
317 785 362 845 καί
383 780 535 852 ἐπιτηδείων
555 779 653 850 ἄλλων,
674 780 727 837 οὐδ’
741 777 825 854 ὄνομα
844 777 1051 857 περιλελειπτσι.

237 888 250 925 l
266 874 330 939 Δέος
341 871 368 929 δέ
382 872 556 948 διαφθαρῆναι
567 866 615 943 μέν
626 865 837 943 καταμείναντας
846 868 930 944 λιμῷ,
945 866 1054 944 διαφθα-

256 967 342 1042 ,ρῆναι
357 962 380 1018 δ’
395 959 479 1038 ἐφόδῳ
493 960 579 1029 τινών,
593 955 652 1027 ήτοι
667 958 719 1011 τῶν
733 953 856 1013 ἐναντίων
870 954 950 1012 ποίλιν
964 952 1053 1011 ἐλθόν-

258 1072 330 1122 frou,
346 1046 364 1117 ἢ
379 1046 424 1103 καὶ
439 1043 508 1123 [δεδι]
521 1046 572 1100 τῶν
591 1040 637 1100 σθν
649 1042 712 1117 ἡμῖν
727 1040 882 1119 γεγονότων,
898 1043 921 1098 εί
936 1038 993 1098 καθ’
1007 1039 1052 1096 ένα

265 1134 329 1196 ποτὲ
342 1132 508 1213 συλλεγέντες
521 1130 620 1190 καὶτὸν
634 1128 723 1188 ἐνθοίδε
736 1128 864 1208 θησαυρὸν
878 1129 925 1187 οθκ
937 1129 1054 1206 ἀγνοοῦν·

267 1248 324 1300 τες,
339 1222 470 1281 ἐπέλθοιεν
486 1220 529 1279 διὰ
544 1219 577 1277 τθι
589 1216 726 1298 χρήματα.
768 1217 830 1278 'fot’
843 1220 890 1276 οθκ
907 1218 938 1274 δν
951 1217 1055 1296 φθοίνοι·

209 1298 315 1386 ἐσμεν
336 1307 570 1388 παραπολλύμενοι
592 1307 609 1375 ἢ
631 1316 687 1373 ταῖς
708 1303 799 1384 ῦῦρεσι
820 1315 878 1373 ταῖς
895 1306 1010 1375 ἐκείνοιν,
1025 1303 1055 1360 τὸ

269 1396 519 1478 φιλανθρωπότερον,
532 1393 689 1469 ἐκκείμενοι.
731 1389 832 1461 Ἄλλως
844 1417 872 1452 τε
883 1391 934 1472 γάρ
945 1390 1055 1449 ἄπιστον

269 1485 299 1542 τὸ
313 1484 444 1562 βουκόλων
465 1480 553 1557 γένος,
566 1482 610 1538 καί
625 1484 670 1538 νῦν
692 1478 771 1538 πλέον
790 1478 833 1538 ότι
847 1485 892 1538 τοῦ
909 1478 1056 1536 καταστέλ-

270 1574 359 1636 λοντος
376 1568 423 1639 τὴν
443 1566 551 1645 γνώμην
567 1568 630 1642 πρὸς
653 1566 682 1625 τὸ
703 1567 913 1647 σωφρονέστερον
932 1566 1056 1644 ἄρχοντος

271 1660 433 1735 ἀμοιροῦσιν.
477 1654 658 1714 ’ἀπολειπτέον
671 1645 715 1713 οῦν
728 1660 793 1730 ἡμῖν
815 1655 861 1713 καί
876 1653 1000 1731 φευκτέον
1021 1655 1057 1718 ὡς

232 1769 257 1808 rs
273 1744 350 1824 ἄρκυς
361 1741 431 1809 τινάς
446 1742 490 1800 καλ
502 1741 683 1821 δεσμωτήριον
694 1743 741 1812 τὴν
751 1746 838 1813 νῆσον,
851 1740 1058 1821 ἀποπέμψαντας

271 1832 396 1912 πρότερον
411 1830 455 1887 τὸν
467 1828 625 1909 Θέρμουθιν,
638 1829 771 1910 πρόφασιν
786 1834 820 1897 ὡς
838 1830 998 1905 πευσόμενον
1011 1827 1055 1886 καλ

271 1917 576 1998 πολυπραγμονήσοντα,
600 1920 623 1976 εί
647 1942 673 1976 τι
694 1918 756 1997 περί
777 1923 822 1977 τοῦ
840 1917 976 1993 Θυοίμιδος
1002 1915 1057 1995 έχοι

273 2000 423 2083 μανθάνειν.
466 2003 545 2085 Ῥᾷόν
559 2026 588 2062 τε
602 2002 652 2083 γάρ
666 2005 705 2085 ἐφ’
717 2007 802 2063 αὑτῶν
815 2003 845 2064 δν
858 2012 1000 2079 σκοποῖμεν
1012 2000 1057 2060 καλ

272 2096 449 2174 ἐπιχειροῖμεν
468 2090 501 2151 τδι
522 2091 640 2170 πρακτέα
658 2092 704 2151 καὶ
728 2092 813 2159 ἄλλως
836 2093 917 2171 ἄνδρα
939 2090 1071 2149 ἐκποδὼν·

232 2180 431 2249 εοποιήσασθαι
454 2177 545 2250 καλὸν,
567 2177 642 2258 φύσει
664 2183 688 2237 τ’
705 2178 831 2237 ἀὸέόαιον
854 2178 900 2237 καί
918 2177 1057 2257 λῃστρικὸν

271 2266 316 2325 καί
331 2266 434 2347 δόσεριν
448 2266 478 2324 τὸ
494 2257 572 2338 ἦθος,
587 2265 653 2347 πρδς
669 2266 697 2325 δέ
715 2266 760 2324 καί
779 2265 893 2347 θποψίας
907 2290 932 2325 τι
947 2265 1057 2345 φέροντα

273 2356 308 2421 εἷς
321 2358 393 2429 ἡμᾶς
407 2357 453 2425 τῆς
467 2351 571 2423 Θίσόης
587 2353 663 2412 ἕνεκα
683 2354 728 2412 καί
742 2356 789 2413 οὐκ
804 2351 836 2412 δν
857 2354 1020 2427 παυσόμενον
1036 2354 1059 2411 εί

266 2440 310 2518 ’μή
321 2440 538 2513 ἐπιδουλεύσειεν,
553 2442 576 2498 εἰ
591 2447 683 2521 καιροῦ
697 2439 816 2501 itinero.

313 2527 370 2591 lH'.
400 2527 533 2610 Ἐπηνέθη
554 2533 638 2588 ταῦτα
663 2528 711 2587 καί
730 2528 815 2588 ἐδόκει
838 2527 987 2605 γίγνεσθαι·
1013 2526 1058 2585 καί

233 2640 261 2678 oo
273 2617 435 2699 ὁρμήσαντες
448 2618 492 2677 toi
506 2616 536 2676 rb
548 2618 654 2694 στόμιον
668 2624 713 2676 τοῦ
730 2615 878 2689 σπηλαίου,
893 2615 958 2691 (καί
969 2614 1020 2694 γοίρ
1034 2638 1059 2673 τι

273 2706 318 2765 καὶ
333 2705 433 2786 ἡμέρας
450 2705 502 2778 ἤδη
526 2704 661 2784 ξυνίεσαν)
679 2704 853 2776 διανέστησοίν
874 2726 903 2762 τι
923 2701 967 2761 τάν
981 2701 1059 2782 Θέρ-

274 2798 364 2861 μουθιν
374 2794 520 2871 ὁλοσχερῶς
533 2794 571 2872 τῷ
585 2791 659 2873 θπνιρ
668 2792 865 2872 κατεσχημένον
877 2790 925 2850 καί
938 2789 979 2848 όσ’
992 2789 1059 2855 rixo<

274 2872 306 2950 ἦν
318 2884 369 2938 τῶν
386 2879 574 2959 βουλευθέντων
586 2881 731 2961 φράσαντες
744 2881 789 2939 καλ
806 2880 899 2961 ῥᾳδίως
912 2877 1059 2958 ίιπόκοιὶφον

274 2968 355 3047 ἄνδρα
370 2967 521 3039 πείσαντες,
534 2967 564 3025 τό
578 2991 606 3026 τε
619 2971 697 3044 σῶμα
709 2971 756 3039 τῆς
768 2966 872 3039 Θίσῦης
886 2967 922 3033 είς
934 2991 959 3025 τι
973 2967 1058 3025 κοῖλον

235 3079 262 3115 ao
275 3056 387 3121 ἐνθέντες
401 3055 446 3113 καὶ
461 3054 508 3125 τὴν
522 3054 618 3135 τέφραν
632 3055 680 3126 τήν
697 3057 726 3113 ἐκ
740 3059 791 3113 τῶν
807 3059 911 3126 σκηνῶν
926 3052 975 3112 όσα
990 3055 1014 3131 γ’
1028 3046 1059 3125 ήν

275 3144 478 3222 ἐπιφορήσαντες
497 3142 542 3199 καὶ
557 3144 590 3200 τδι
604 3142 713 3201 εἰωθότα
735 3141 777 3201 διὰ
792 3140 840 3214 τὴν
855 3141 929 3201 ὁσίαν
951 3139 977 3208 ἐξ
995 3131 1059 3200 bob

275 3229 364 3305 καιρὸς
386 3229 469 3287 ἐδίδου
490 3231 678 3307 πληρώσαντες
698 3228 743 3287 καί
764 3229 865 3309 δάκρυα
885 3228 930 3286 καλ
953 3226 1060 3305 θρήνους

277 3316 334 3373 ἀντὶ
348 3316 453 3373 πάντων
465 3320 517 3376 τῶν
532 3316 707 3392 νομιζομένων
721 3317 900 3393 ἐναγίσαντες,
913 3314 1058 3393 ἐξέπεμπον

276 3403 316 3482 ἐφ’
337 3403 370 3474 ἣν
397 3401 466 3471 έδοξε
491 3404 587 3481 βουλὴν
610 3404 654 3461 τὸν
674 3403 832 3483 θέρμσυθιν.
876 3404 910 3465 Ὁ
927 3403 954 3462 δέ
974 3402 1060 3484 βραχὺ

236 3510 262 3549 ιο
276 3489 421 3569 προελθὼν,
438 3488 579 3571 ἀνέστρεφέ
592 3513 621 3548 τε
635 3491 680 3548 καὶ
695 3493 743 3550 οθκ
754 3490 785 3550 ἀν
799 3492 848 3572 ἐφη
864 3492 940 3568 μόνος
953 3490 1060 3570 πορεύε-

278 3584 357 3650 σθαι,
375 3578 428 3636 οὐδ’
444 3579 595 3658 ἀναρρίψων
608 3583 729 3637 τοσοῦτον
744 3579 860 3638 κίνδυνον
873 3583 1059 3651 κατασκοπῆς,

273 3669 301 3724 εἰ
326 3666 363 3742 μὴ
386 3665 432 3724 καί
457 3667 574 3742 Κνήμων
596 3667 678 3725 ἐθελοι
700 3668 832 3725 κοινωνεῖν
857 3671 902 3739 τῆς
930 3667 1057 3749 πράξεως.

278 3753 478 3813 ’ἀποδειλιῶντα
493 3754 526 3825 δὴ
543 3752 607 3833 πρὸς
617 3759 701 3811 ταῦτα
716 3753 760 3812 τδν
777 3753 912 3831 Κνήμωνα
928 3753 1059 3831 θεασάμε-

809 386 1016 446 tibitonoitt
1040 385 1344 445 AEttuut‘tcoubtt

1097 522 1190 584 arpenti
1206 523 1306 585 quidem
1323 526 1347 572 ci
1360 521 1413 571 nuri
1430 524 1455 571 et
1471 524 1573 572 restium
1592 535 1678 583 niagno
1694 525 1777 586 copia,
1795 528 1904 585 (inuita

1097 605 1162 654 enim
1175 609 1232 654 sunt
1241 606 1310 666 hoo,
1323 618 1379 669 quae
1393 606 1418 655 in
1436 606 1483 656 boc
1494 610 1564 655 antro
1579 619 1635 656 curn
1649 607 1719 657 uobis
1732 613 1826 672 erepto,
1836 614 1903 661 tuus

1097 691 1151 739 aliis
1164 690 1275 752 ademta,
1297 690 1412 753 'llryoruis
1432 693 1458 740 et
1474 691 1516 752 qui
1530 692 1564 740 iili
1579 690 1693 751 aderaut,
1709 692 1902 755 deposnerunt)

1097 779 1206 823 ceterum
1219 773 1332 823 trumenti
1346 776 1371 823 et
1382 787 1467 823 eorum
1479 787 1535 837 qum
1546 775 1641 824 suntad
1653 775 1746 825 rictum
1755 782 1904 829 necessaria

1098 873 1129 910 no
1141 872 1230 909 nomon
1240 859 1339 923 quidem
1350 860 1461 910 relictum
1471 863 1517 910 ost.
1551 861 1690 911 Periculum
1702 866 1740 912 est
1753 862 1837 926 igitur,
1851 879 1902 927 ne,

1097 946 1118 994 si
1133 945 1223 995 diutius
1235 945 1274 994 bic
1290 947 1457 1008 manserimus,
1472 947 1510 995 rel
1528 948 1590 997 tamo
1601 948 1634 996 ait
1646 948 1716 997 nobis
1727 950 1902 1010 pereundum,

1098 1030 1137 1078 rel
1152 1029 1259 1080 adrentn
1277 1031 1328 1081 eise
1342 1031 1446 1080 bostium
1463 1032 1648 1091 revertentium,
1666 1031 1718 1080 sive
1737 1032 1827 1082 lmrnm
1850 1036 1902 1095 oiri

1099 1113 1225 1163 nobiscum
1245 1115 1357 1176 inerunt,
1372 1114 1391 1163 si
1410 1115 1503 1164 collecti
1520 1116 1648 1177 (quoniam
1663 1116 1728 1164 Ιιυιιο
1743 1117 1900 1167 thesaurum

1100 1210 1149 1247 nun
1165 1198 1287 1260 ignorant)
1308 1200 1406 1261 propter
1421 1198 1535 1261 pecunias
1554 1198 1705 1248 advenerint.
1736 1203 1807 1250 Tunc
1826 1204 1902 1252 enini

1099 1283 1203 1343 effugere
1217 1293 1265 1329 non
1279 1293 1416 1343 μοεσειιιιισ,
1427 1282 1486 1344 quin
1502 1281 1705 1337 interimeremur.
1724 1285 1768 1332 ant
1789 1285 1903 1345 salton,

1099 1368 1118 1415 si
1131 1366 1208 1415 lenius
1214 1365 1340 1414 nobiscum
1352 1368 1462 1427 agerent,
1474 1366 1628 1416 contumeliis
1639 1380 1724 1416 eorum
1738 1374 1763 1416 et
1777 1371 1903 1430 petulan-

1100 1449 1141 1499 tie
1161 1448 1329 1511 objiceremur.
1359 1451 1422 1498 corn
1443 1448 1507 1497 enim
1522 1460 1617 1512 semper
1630 1449 1661 1498 sit
1676 1449 1778 1498 infidum
1795 1452 1901 1512 proedo-
1918 1436 1919 1439 ¹

1100 1544 1159 1580 uum
1171 1544 1262 1594 genus,
1276 1533 1328 1580 tum
1342 1543 1409 1583 nouo
1418 1531 1554 1593 praecipue,
1567 1544 1625 1579 curn
1638 1531 1716 1592 duce,
1734 1545 1778 1594 pro
1789 1532 1903 1596 imperio

1101 1617 1230 1665 revocante
1242 1614 1338 1664 illorum
1352 1615 1446 1665 animos
1457 1614 1487 1663 ad
1500 1613 1704 1676 moderationem,
1716 1619 1811 1666 carenit-
1845 1621 1901 1667 lle-
1920 1642 1921 1679 γ

1101 1698 1231 1762 linquenda
1241 1699 1313 1761 igitur
1327 1701 1364 1748 est
1379 1699 1447 1748 nobis
1460 1700 1485 1747 et
1496 1698 1608 1760 tugienda
1620 1702 1737 1763 tanquam
1749 1701 1811 1749 retia
1822 1715 1901 1762 ano-
1920 1686 1921 1745 i

1101 1782 1157 1831 dani
1168 1785 1211 1831 eut
1221 1794 1303 1831 carcer
1312 1781 1404 1843 insula,
1413 1781 1580 1844 ablegantibus
1590 1782 1695 1844 primum
1709 1782 1901 1841 Thermutbim.
1921 1830 1922 1855 ,

1100 1877 1130 1914 σο
1141 1866 1270 1926 praetextu,
1282 1867 1310 1913 ut
1319 1863 1449 1925 interroget
1461 1869 1484 1913 et
1497 1863 1904 1928 inquiret,siqoldde1'lryamidc

1102 1948 1175 2011 possit
1188 1948 1339 2009 cognoscere.
1372 1949 1475 1999 inclitos
1490 1945 1556 1999 enirn
1571 1950 1615 2013 ipsi
1629 1950 1727 2000 seorsim
1741 1954 1902 2003 consultabi-

1102 2032 1472 2097 mns,eteggrediemnresqoe
1481 2033 1799 2096 iaciendasunteielioqniu
1810 2038 1902 2087 virum
1922 2018 1923 2029 ί

1101 2129 1116 2166 ιι
1135 2117 1205 2168 nobis
1220 2131 1344 2169 remorare
1357 2119 1495 2169 consultum
1513 2122 1562 2174 est,
1576 2122 1662 2169 natura
1677 2120 1857 2171 inconstantem
1873 2128 1903 2173 et

1103 2201 1158 2251 ieris
1171 2203 1195 2252 et
1205 2201 1351 2252 immanibus
1363 2203 1470 2253 moribus
1481 2203 1619 2266 proditum,
1632 2205 1747 2266 praeterea
1756 2203 1852 2266 aliquid
1866 2206 1903 2256 de

1102 2283 1172 2334 nobis
1182 2285 1282 2335 Thisbes
1294 2298 1367 2336 eausa
1384 2286 1560 2349 conspirantem,
1575 2299 1653 2348 nequa
1668 2286 1735 2349 prins
1749 2289 1901 2350 conquictn·

1103 2380 1167 2428 rom,
1178 2381 1252 2430 quam
1270 2382 1329 2430 uos,
1343 2370 1364 2418 si
1377 2369 1529 2419 occasionem
1542 2370 1627 2418 unctio
1642 2369 1730 2432 tuerit,
1745 2371 1837 2421 insidiis
1848 2375 1901 2423 cir·

1102 2452 1262 2501 orrmrenerit.

1134 2542 1223 2590 xviii.
1237 2541 1375 2603 approbato
1388 2540 1511 2591 suntiono
1524 2544 1550 2591 et
1563 2542 1643 2592 vlsum
1656 2546 1693 2592 est
1705 2545 1733 2592 nt
1745 2542 1832 2594 tierent
1846 2560 1853 2592 z
1872 2550 1902 2596 et

1102 2632 1219 2683 abeuntes
1230 2632 1260 2682 ad
1271 2646 1300 2683 os
1310 2634 1372 2683 antri
1385 2635 1448 2697 (iam
1460 2635 1559 2685 enimet
1570 2635 1635 2686 diem
1645 2648 1697 2687 ense
1706 2636 1902 2701 intellexerant)

1103 2726 1240 2776 excitarunt
1250 2727 1419 2778 Tbermuibim
1431 2741 1529 2792 prorsus
1538 2741 1623 2778 somno
1639 2730 1774 2792 torpentem
1794 2732 1821 2780 ct
1836 2745 1900 2781 crem

1103 2817 1305 2879 deliberaturum,
1329 2823 1448 2884 quantum
1475 2832 1520 2883 par
1540 2822 1608 2882 erut,
1631 2822 1797 2884 exposuissent
1811 2836 1842 2872 ac
1861 2825 1902 2873 ia·

1104 2913 1149 2965 cite
1161 2913 1215 2964 niro
1233 2915 1280 2964 ieri
1299 2914 1484 2977 pemmslssent,
1498 2927 1586 2979 corpus
1601 2917 1684 2965 ουιειιι
1697 2915 1798 2966 Thisbes
1812 2918 1837 2966 in
1854 2918 1900 2968 ai-

1104 3021 1178 3057 reuru
1190 3008 1319 3070 quemdam
1332 3008 1516 3070 imposuissent,
1526 3011 1552 3058 et
1564 3011 1683 3071 qnantum
1696 3009 1802 3072 polemio
1810 3024 1842 3060 ex
1853 3014 1898 3060 ta·

1105 3101 1239 3151 bernacuiis
1252 3101 1362 3151 relietum
1378 3102 1456 3151 linerat
1462 3137 1470 3163 ‚
1484 3100 1507 3150 id
1524 3104 1604 3151 totum
1615 3115 1685 3164 supra
1698 3103 1764 3153 iilam
1780 3105 1901 3166 egessis-
1926 3124 1928 3131 v

1103 3197 1157 3245 sent
1168 3199 1193 3246 et
1206 3209 1236 3246 ea
1252 3208 1308 3258 quas
1320 3194 1372 3245 lieri
1383 3196 1487 3246 assolent
1502 3201 1599 3260 propter
1611 3197 1763 3259 religionem,
1777 3211 1806 3247 ου
1822 3211 1901 3261 appa-

1105 3293 1158 3341 rato
1173 3304 1246 3354 quern
1260 3294 1356 3354 tempus
1376 3290 1547 3354 suppeditabat
1564 3292 1721 3354 peregissent,
1739 3292 1902 3358 lacrimisque

1104 3398 1133 3435 ac
1143 3384 1900 3448 tuctuproomnibnscrerlmoniiopareniasseni,ibcunntiiim

1104 3479 1134 3528 aii
1146 3478 1170 3527 ld
1181 3478 1307 3528 consilium
1320 3478 1501 3541 perficiendum,
1511 3477 1577 3541 qood
1586 3481 1657 3530 antea
1666 3479 1713 3529 tuit
1723 3481 1902 3545 constitutum,

1105 3573 1245 3623 emiserunt.
1278 3571 1324 3622 Sed
1343 3572 1384 3623 lile
1401 3572 1534 3635 paullulum
1552 3585 1703 3635 progressus,
1718 3586 1830 3624 reversus
1849 3582 1901 3639 est,

1105 3665 1402 3728 ncqueseeolumiiurnrn
1412 3664 1548 3727 essediiit,
1558 3667 1900 3728 nerpretcmcreobJ'ectururu

1106 3761 1173 3808 tento
1183 3760 1288 3821 periurio
1301 3759 1484 3822 explorationis,
1501 3759 1545 3808 nisi
1562 3761 1670 3809 cnemon
1686 3761 1805 3822 particeps
1823 3775 1900 3824 nego

278 3866 318 3908 νος
336 3847 351 3902 ὁ
369 3842 519 3921 Θεαγένης,
535 3841 598 3918 (καλ
612 3839 663 3921 γάρ
681 3841 786 3921 φράζων
807 3842 840 3900 τί
854 3841 980 3920 λεχθέντα
998 3840 1062 3920 πρὸς
1106 3849 1132 3897 tii
1147 3860 1198 3897 esse
1216 3847 1296 3896 vellet.
1330 3847 1400 3907 Quod
1415 3846 1618 3897 comdetrectara
1633 3847 1729 3897 vidisset
1745 3851 1900 3900 cuemonem

238 3951 265 3986 ιο
278 3934 322 3987 τοῦ
340 3930 487 4007 Αἰγυπτίου
507 3931 583 4001 δῆλος
604 3919 636 4001 ἦν
652 3931 857 4009 ὑπεραγωνιῶν)
877 3928 915 3988 Σὺ
936 3927 981 4000 et,
996 3927 1061 4008 έφη,
1105 3937 1256 3999 Timagenes,
1268 3936 1386 3997 (reterens
1396 3937 1574 3997 animmque
1584 3934 1648 3984 dicia
1659 3936 1752 3985 inerant
1762 3936 1793 3986 ab
1806 3940 1900 4000 AEgyp·

273 4017 325 4093 τήν
345 4016 392 4093 μὲν
413 4019 520 4096 γνώμην
535 4018 678 4099 ἐρρωμένος
693 4042 730 4085 τις
752 4016 804 4097 ἀρα
825 4008 908 4089 ήσθα,
922 4014 952 4073 τὸ
965 4017 1061 4092 λῆμμα
1106 4026 1150 4084 tio,
1160 4023 1286 4073 videbatur
1296 4024 1350 4085 angi
1362 4024 1510 4086 animumn
1522 4036 1588 4085 vero,
1599 4024 1687 4086 innuit,
1701 4025 1800 4074 consilio
1810 4026 1899 4094 reloq-

276 4106 300 4187 δ’
318 4106 510 4185 ἀσθενέστερος·
525 4104 642 4185 γνωρίζει)
656 4102 678 4162 δ’
694 4104 782 4170 ἀλλοις
794 4125 822 4161 τε
834 4102 879 4161 καί
899 4104 949 4181 οὐχ
965 4101 1062 4173 ἥκιστα
1107 4126 1158 4174 ras,
1170 4116 1196 4161 ai
1204 4111 1291 4161 animis
1302 4125 1327 4161 es
1336 4112 1458 4174 eliquanto
1468 4111 1622 4171 imbecillior,
1632 4115 1706 4174 atquc
1714 4111 1738 4160 ld
1751 4112 1781 4162 de
1795 4116 1898 4164 tecom·

278 4192 329 4258 τοῖς
342 4199 395 4252 νῦν.
437 4191 517 4253 Ἀλλὰ
528 4197 591 4269 θῆγι
599 4191 630 4250 τὸ
642 4190 764 4272 φρόνημα
776 4189 893 4269 καὶπρὸς
905 4188 934 4248 τό
947 4189 1062 4268 ἀνδρειό·

1107 4203 1157 4263 peu
1175 4213 1232 4250 eum
1246 4214 1277 4250 ex
1290 4200 1343 4249 aliis
1357 4199 1443 4261 rebus,
1458 4202 1511 4249 tum
1528 4199 1649 4262 precipue
1663 4214 1695 4250 ex
1706 4202 1818 4263 prreseuti
1833 4206 1897 4252 teru-

278 4302 350 4359 τερον
362 4279 436 4361 όρθου
447 4278 494 4352 τὴν
503 4279 622 4357 γνώμην.
653 4277 694 4340 Τὸ
705 4278 753 4352 μέν
765 4278 816 4358 γὰρ
827 4276 910 4356 παρὸν
920 4280 1062 4353 ἀναγκαῖον
1107 4302 1172 4352 puro,
1206 4288 1336 4338 Enimvero
1349 4289 1428 4338 excita
1446 4287 1544 4351 spiritus
1558 4290 1585 4338 et
1602 4288 1633 4337 ad
1653 4288 1818 4338 tortitudinem
1831 4291 1899 4352 erigo.

239 4388 264 4425 ts
279 4368 349 4426 δοκεῖ
361 4367 429 4427 οὕτω
444 4367 619 4440 συντίθεσθαι,
632 4372 677 4425 τοῦ
692 4366 730 4444 μή
745 4390 803 4424 τινα
818 4371 862 4423 τοῦ
878 4366 995 4445 δρασμοῦ
1013 4369 1061 4425 λα·

1108 4377 1224 4426 onirnuru.
1260 4380 1286 4425 in
1298 4375 1425 4439 prasentia
1437 4375 1518 4437 euim,
1531 4388 1561 4424 no
1573 4375 1677 4438 aliquam
1691 4376 1850 4437 suspitionem
1864 4378 1899 4427 de

279 4454 334 4514 δεῖν
350 4457 428 4515 αὗτδν
442 4454 564 4515 ὑπόνοιαν
584 4454 629 4513 καί
646 4453 856 4533 συμπορεύεσθαι
879 4453 926 4522 τήν
941 4454 1062 4534 πρώτην,
1107 4466 1161 4527 luge
1172 4465 1300 4528 concipiat,
1310 4464 1469 4514 necessarium
1480 4477 1531 4513 esso
1543 4462 1649 4525 videtur,
1660 4463 1694 4513 ita
1703 4477 1759 4514 cnm
1770 4478 1799 4513 eo
1807 4466 1898 4527 pacisci

280 4545 355 4622 (δέος
375 4544 402 4603 δέ
422 4545 549 4615 δήπουθεν
572 4541 646 4601 οὐδέν
666 4541 773 4622 ἀνόπλῳ
792 4541 841 4613 τήν
860 4546 937 4620 χεῖρα
954 4540 1063 4610 ξυνιέναι
1106 4557 1131 4603 ei
1141 4553 1208 4602 initio
1218 4566 1266 4602 uua
1275 4552 1526 4613 iretntlrilestautem
1537 4551 1635 4614 periculi
1642 4564 1701 4600 ουιιι
1711 4551 1796 4601 Ισστιυί
1809 4552 1899 4602 iterio-

279 4631 373 4711 ξιφήρη
389 4632 434 4691 καλ
448 4631 630 4713 πεφραγμένον
645 4629 721 4689 αὐτὸν
734 4628 753 4710 J,
771 4635 862 4709 καιροῦ
878 4630 904 4688 δέ
917 4630 1064 4707 λαθόμενοι
1107 4654 1162 4691 ecre
1179 4641 1200 4690 ei
1219 4640 1261 4702 qui
1273 4638 1378 4701 gladium
1390 4638 1477 4689 lrabeat
1487 4642 1512 4688 ei
1527 4640 1559 4688 sit
1571 4638 1679 4688 munitus
1692 4639 1792 4701 erinis),
1808 4639 1899 4693 ddnde

279 4722 467 4799 ἐγκαταλεῖφαι
487 4720 643 4779 διαλαθόντοι
658 4717 703 4778 καὶ
717 4717 791 4791 ἥκειν
802 4718 866 4797 παρ’
877 4723 948 4796 ἡμᾶς
956 4763 964 4791 ,
981 4712 1062 4797 οῦπερ

1107 4729 1231 4777 occasione
1243 4728 1325 4776 oblata
1337 4729 1399 4777 clam
1413 4740 1470 4776 eum
1483 4726 1619 4789 relinquere
1633 4729 1658 4776 et
1674 4726 1755 4776 venire
1767 4726 1797 4775 ad
1814 4740 1859 4777 nos
1870 4729 1898 4780 in

239 4825 265 4862 oo
281 4805 311 4863 διν
325 4807 490 4883 συνθώμεθα.
533 4805 694 4885 Συνθώμεθα
708 4804 748 4879 δέ,
763 4809 786 4864 εἰ
800 4806 993 4883 δοκεῖ,κώμην
1005 4806 1063 4863 τινὰ
1107 4815 1261 4865 συνοίσουσι
1281 4828 1353 4877 quem
1376 4815 1582 4865 constituerimus.
1614 4816 1795 4865 Constituamus
1812 4818 1898 4867 eutem

279 4894 405 4965 πλησίον,
422 4893 501 4973 εἴπῃ
519 4896 670 4974 γιγνώσκεις
689 4895 797 4974 ἥμερον.
840 4887 880 4956 El
894 4895 978 4973 λέγειν
993 4894 1062 4962 ἔδοξε
1108 4914 1194 4963 pagum
1208 4902 1313 4963 aliquem
1334 4902 1509 4965 propinquum,
1529 4902 1635 4965 siquem
1654 4904 1731 4961 nosti,
1745 4903 1770 4952 iu
1784 4916 1834 4966 ηιιο
1850 4905 1897 4953 iro·

279 4983 316 5052 τῷ
331 4980 472 5059 Κνήμωνι,
487 4983 533 5040 καί
547 4982 654 5059 Χέμμιν
669 4983 726 5040 τινδ
746 4984 837 5060 κώμην
852 4983 919 5041 obrui
933 4981 1063 5057 καλουμέ-

1108 4990 1183 5039 uriucs
1193 4988 1320 5039 mausueti.
1355 4991 1900 5041 Beuemorrerccncruouiestrisusetcliuu·

281 5088 326 5136 νην
339 5066 445 5146 ἔφραζεν
463 5071 605 5147 εθδαίμονοί
619 5094 646 5129 τε
666 5071 711 5129 καὶ
731 5071 933 5151 πολυάνθρωπον
946 5072 991 5129 καί
1006 5078 1063 5137 ταῖς
1108 5078 1156 5126 ruin
1167 5074 1296 5140 ηιισιιιιΙειιι
1309 5088 1396 5139 pagum
1408 5078 1441 5125 sic
1452 5077 1597 5139 appellatum
1611 5077 1739 5133 iudicabat,
1751 5078 1897 5139 opulentum

280 5154 370 5233 ὄχθαις
387 5159 433 5213 τοῦ
455 5158 550 5218 Νείλου
567 5156 630 5238 πρὸς
654 5160 833 5239 ἐπιτειχισμὸν
855 5161 905 5217 τῶν
930 5157 1063 5237 βουκόλων
1106 5170 1129 5216 el
1146 5166 1295 5227 trequenteur
1316 5164 1469 5226 homiuibus,
1485 5165 1587 5228 «leuique
1601 5166 1631 5214 ud
1653 5167 1716 5227 ripas
1730 5165 1777 5214 Nili
1793 5166 1818 5215 in
1834 5169 1897 5218 rotie
