3946 5964
843 454 1055 514 vaurme.
1711 470 1748 513 tn

139 586 234 656 bene
250 584 401 655 adnotat
419 584 629 654 Temminck
649 584 788 679 vulgata
803 584 881 655 illas
895 585 1001 680 longe
1022 584 1187 655 meliores
1207 608 1302 673 esse;
1317 600 1401 655 sunt
1418 596 1538 655 autem
1552 583 1589 653 hi
1604 580 1747 655 codices

137 732 216 779 saec.
240 711 334 795 Xlll3
357 688 541 777 sexcentis*
555 705 645 777 loeis
674 707 858 778 meliorem
883 709 1046 804 praebent
1066 708 1271 778 lectionem.
1289 709 1431 778 Primus
1453 706 1534 778 cod.
1558 706 1664 779 Vind.
1683 711 1747 778 lus.

137 859 175 904 n.
190 836 312 920 CXVl,
333 832 393 901 cui
408 830 535 901 titulus
551 858 559 899 :
580 825 758 927 Ἡλιοδώρου
770 835 1074 928 ἑπισιιόποοΤρίιιιιης
1097 834 1165 928 περὶ
1181 838 1343 928 θιαγένους
1359 835 1412 901 καὶ
1427 834 1609 929 Χαρικλείας
1625 830 1747 903 nimio

135 967 267 1053 πρόπον,
288 953 391 1025 huno
416 955 553 1026 notabo
583 954 684 1026 litera
711 962 748 1028 Α.
773 955 872 1026 Alter
893 952 1005 1027 codex
1028 958 1166 1053 (quem
1195 953 1330 1026 notabo
1353 955 1454 1026 litera
1474 954 1524 1050 B)
1549 959 1614 1027 Ms.
1635 970 1689 1027 est
1713 981 1746 1026 n.

133 1084 277 1153 CXXX.
292 1077 433 1150 Titulus
452 1077 631 1148 recentior
656 1077 791 1150 codicis
812 1080 988 1174 scriptura
1006 1078 1082 1166 hic,
1098 1072 1276 1174 Ἡλιοδώρου
1297 1080 1477 1148 altiorum
1502 1082 1573 1174 περὶ
1587 1086 1748 1178 Θεαγένους

132 1208 187 1273 καὶ
201 1205 397 1299 Χαρικλείας.

185 1324 375 1396 Heliodori
383 1322 563 1393 editiones
572 1346 652 1418 quae
664 1321 867 1419 quidemad
876 1322 1042 1392 notitiam
1053 1345 1167 1391 meam
1177 1336 1430 1417 pervenerunt,
1440 1335 1525 1391 sunt
1538 1336 1746 1417 sequentes:

187 1447 416 1532 Basileeusis,
439 1450 561 1516 Graece
575 1459 733 1532 tantum,
748 1468 779 1513 a.
808 1441 910 1531 1534,
934 1468 976 1512 ex
994 1441 1139 1514 officina
1164 1444 1406 1539 llervaegiana,
1431 1467 1515 1514 cum
1537 1428 1746 1539 pensatione

134 1557 324 1643 Vincentii
341 1568 533 1666 Obsopoei,
549 1570 670 1664 quiex
689 1566 909 1639 bibliotheca
924 1566 1079 1638 Matthiae
1099 1567 1258 1655 Corvini,
1276 1567 1463 1663 Hungariae
1478 1568 1582 1664 regis,
1597 1592 1618 1638 a
1634 1566 1747 1637 milite

135 1695 321 1790 direptum
336 1691 502 1764 codicem
518 1690 681 1762 redemit.

188 1819 282 1889 Hier.
304 1814 541 1903 Commelini‚
567 1840 600 1886 a.
629 1812 738 1912 1596,
760 1816 823 1912 qui
844 1840 930 1885 usus
955 1830 1008 1885 est
1031 1815 1193 1886 Palatino
1211 1815 1308 1905 cod,
1337 1814 1555 1888 lectionibus
1582 1816 1745 1886 Vaticani

135 1940 274 2013 codicis
289 1953 325 2009 et
341 1938 433 2009 alius
449 1941 523 2007 aG.
538 1936 722 2033 Xylandro
739 1935 877 2023 collati,
894 1952 929 2007 et
945 1936 1070 2007 codice
1084 1940 1243 2008 Corvini.
1260 1938 1407 2032 Adjecta
1420 1953 1472 2007 est
1486 1939 1611 2009 latina
1628 1942 1746 2009 versio

134 2063 303 2137 Stanislai
320 2059 629 2134 Warschewiczlri.

186 2190 250 2261 llic
264 2186 357 2259 liber
372 2200 471 2258 totus
490 2209 637 2256 recusus
655 2209 688 2256 a.
712 2181 814 2273 1655,
828 2186 1005 2281 Lugduni,
1024 2186 1121 2283 apud
1134 2188 1215 2256 Ant.
1244 2182 1289 2255 de
1306 2187 1427 2281 Harsy,
1445 2201 1481 2257 et
1493 2185 1585 2256 liber
1605 2187 1744 2282 primus

138 2312 237 2384 solus
257 2316 319 2384 Gr.
334 2324 369 2383 et
388 2311 515 2383 Latine
528 2309 723 2405 interprete
744 2312 884 2380 Renato
898 2310 1097 2398 Guillonio,
1113 2310 1267 2395 Parisiis,
1302 2306 1408 2397 1551,
1424 2309 1524 2406 quod
1549 2334 1606 2379 me
1621 2308 1747 2380 docuit

136 2434 421 2507 Temminckius.

188 2559 413 2631 Editionesl.
428 2555 662 2645 Bourdelotii,
677 2581 707 2626 a.
724 2555 955 2655 1619,1.uret.
971 2558 1078 2628 Paris.
1094 2582 1178 2629 cum
1194 2556 1401 2629 nullonovo
1419 2558 1544 2629 critico
1558 2572 1743 2655 apparatu,

138 2690 184 2755 D.
197 2682 294 2756 Parei
305 2707 335 2754 a.
349 2679 742 2770 1631,Franeolurti,et
753 2684 784 2751 J.
799 2683 836 2751 P.
853 2679 1041 2774 Schmidii,
1067 2682 1237 2783 Lipsiae,a
1255 2707 1357 2779 1772,
1369 2698 1455 2753 sunt
1473 2680 1608 2754 nullius
1623 2682 1742 2777 pretii.

189 2807 273 2880 Chr.
284 2812 328 2879 G.
347 2802 589 2878 Mitscherlich
605 2827 636 2874 a.
657 2803 761 2891 1806,
778 2806 1016 2900 Argentorati,
1036 2805 1231 2877 novamed.
1250 2804 1369 2894 dedit,
1385 2804 1552 2875 adhibuit
1566 2803 1746 2900 exemplar

137 2930 471 3005 Commeliuianum
501 2942 537 2997 et
567 2925 739 2997 lectiones
773 2927 940 2999 codicum
967 2953 1047 3026 quae
1071 2927 1122 2998 ibi
1149 2929 1306 2999 citantur
1330 2941 1366 2996 et
1401 2925 1480 2996 cod.
1514 2927 1745 2998 Tauriuensis

138 3082 218 3155 quar
232 3082 253 3127 a
269 3053 446 3125 Dorrillio
467 3050 513 3123 ad
530 3050 636 3123 Char.
650 3052 818 3122 citantur.
834 3051 982 3145 Adjecta
995 3053 1118 3121 Latina
1135 3051 1252 3121 versio
1274 3064 1448 3137 accurata,
1467 3073 1538 3146 qua
1546 3074 1633 3120 usus
1650 3075 1744 3139 sum,

139 3181 237 3253 illam
254 3191 400 3249 mutans
427 3175 490 3247 ubi
505 3181 639 3264 Graeca,
661 3175 699 3245 id
721 3174 820 3272 quod
845 3198 927 3245 raro
941 3172 1086 3264 accidit,
1106 3175 1226 3276 minus
1240 3173 1333 3243 bene
1352 3172 1585 3261 intellexerat,
1605 3188 1667 3246 aut
1682 3174 1746 3245 ubi

139 3318 278 3375 textum
291 3301 366 3371 sive
380 3323 423 3371 ex
437 3298 546 3370 codd.
564 3301 639 3370 sive
654 3299 796 3370 critices
809 3322 879 3394 ope
896 3296 1182 3369 emendaveram.

189 3430 317 3495 Praeter
338 3424 513 3495 lectiones
527 3422 634 3494 codd.
649 3422 750 3493 vind.
764 3427 790 3493 Α
805 3438 839 3493 et
857 3426 901 3509 B,
920 3422 1144 3493 humanitate
1158 3420 1282 3493 iacobi
1299 3422 1386 3494 Geel
1401 3420 1509 3493 nobis
1535 3424 1571 3492 in
1588 3421 1656 3493 hac
1670 3422 1746 3492 edi·

141 3552 242 3621 tione
262 3547 423 3619 ornanda
433 3547 647 3641 adjumento
664 3546 779 3634 luere,
798 3570 877 3643 quae
894 3547 931 3615 in
951 3544 1120 3615 biblioth.
1133 3544 1246 3641 Lugd.
1263 3549 1334 3616 Bat.
1352 3560 1540 3615 servantur
1557 3572 1565 3613 ε

189 3672 311 3744 Codex
326 3670 592 3766 Lugdunensis,
609 3672 683 3740 sire
698 3672 820 3768 potius
839 3668 1087 3766 apographum
1099 3669 1246 3758 codicis,
1267 3669 1330 3765 qui
1348 3669 1421 3739 lere
1441 3667 1503 3739 sed
1518 3692 1591 3738 non
1606 3692 1748 3766 semper

139 3798 311 3867 convenit
325 3820 409 3867 cum
424 3800 514 3883 Bas,
531 3794 706 3890 cujusque
720 3793 871 3864 historia
883 3794 1019 3864 incerta
1036 3820 1043 3861 ε

189 3918 309 3993 Editio
324 3918 548 4004 BasileensiS,
565 3917 667 4011 cujus
683 3916 730 3987 ad
744 3916 869 3988 lolium
878 3919 1038 4014 primum
1059 3917 1129 3988 hoc
1139 3917 1370 3988 adnotatum:
1383 3945 1400 3981 ιι
1413 3919 1499 4002 Quae
1510 3916 1547 3985 in
1566 3914 1637 3987 hoc
1653 3914 1748 3988 libro

141 4044 293 4140 margini
307 4043 417 4115 adlita
431 4042 613 4137 leguntur,
628 4057 713 4113 sunt
723 4067 765 4113 er
782 4048 825 4116 G.
837 4043 1318 4140 Falchenburgiiexemplari,
1332 4068 1417 4113 cum
1432 4043 1606 4113 Vaticano
1623 4039 1748 4112 codice

140 4169 188 4240 ab
214 4193 258 4239 eo
275 4167 407 4239 collato
426 4182 460 4237 et
482 4166 615 4236 notatis
637 4167 824 4238 nonnullis
846 4184 964 4240 aucto.
991 4199 1007 4233 »
1028 4168 1118 4254 Sed,
1139 4168 1177 4239 id
1200 4166 1301 4264 quod
1319 4165 1586 4239 Temminclrius
1602 4188 1748 4260 quoque

140 4286 326 4376 observat,
343 4310 419 4357 non
437 4301 524 4356 sunt
542 4285 597 4355 hae
610 4285 782 4357 lectiones
797 4313 838 4357 ex
854 4290 965 4359 Vatic.
987 4289 1111 4360 codice
1121 4343 1130 4379 ,
1148 4314 1230 4360 nam
1244 4290 1380 4387 passim
1394 4289 1502 4361 nimis
1516 4286 1749 4372 dillerunt3et

139 4414 315 4483 Canterus
337 4412 374 4480 in
398 4424 490 4505 synt.
508 4410 714 4505 praelatione
735 4435 841 4482 usum
857 4438 894 4482 sc
917 4411 1024 4484 luisse
1045 4415 1094 4483 ait
1111 4413 1303 4484 collatione
1321 4413 1458 4484 codicis
1473 4409 1645 4496 Vaticani,
1671 4421 1747 4478 tum

139 4534 336 4609 collatione
350 4557 393 4603 ex
407 4532 479 4603 alio
497 4533 533 4601 in
556 4532 651 4602 ltalia
671 4534 805 4630 scripto
823 4535 936 4624 libro,
958 4560 1066 4632 quam
1092 4535 1172 4606 lecit
1185 4541 1227 4608 G.
1249 4534 1554 4629 Falclrenburgius
1576 4557 1583 4598 :

190 4656 323 4730 Eadem
343 4655 468 4743 editio,
483 4679 562 4751 quae
573 4654 804 4727 bibliotheca
818 4660 924 4728 cessit
942 4684 984 4729 ex
1000 4658 1116 4753 legato
1131 4662 1161 4730 l.
1175 4659 1365 4746 Perizonii,
1378 4657 1441 4751 qui
1451 4654 1643 4751 adscripsit
1656 4679 1748 4751 pau·

139 4808 202 4856 cas
220 4780 472 4852 adnotationes
496 4793 531 4848 et
541 4778 706 4876 Scaligeri
724 4780 897 4851 lectiones
915 4808 935 4851 e
954 4784 1066 4853 Vatic.
1085 4782 1174 4854 hihl.
1195 4781 1285 4879 plut.
1300 4807 1332 4850 2.

191 4901 326 4978 Eadem
345 4901 456 4973 editio
476 4926 560 4972 cum
580 4903 674 4974 lectt.
695 4905 843 4975 variant.
865 4907 938 4977 los.
961 4905 1127 5001 Scaligeri
1151 4929 1259 4974 manu
1284 4903 1330 4973 ad
1357 4905 1554 5001 marginem
1575 4903 1717 4999 scriptis
1739 4927 1746 4968 :

192 5032 222 5097 l.
249 5024 470 5096 bourdelotii
492 5024 623 5115 editio,
636 5051 720 5097 cum
735 5027 1052 5100 emendationibus
1073 5029 1154 5100 lllss.
1178 5029 1462 5099 Hemsterhusii:

193 5148 402 5221 basileensis
419 5147 544 5234 editio,
559 5173 642 5219 curn
663 5153 745 5223 Mss.
766 5152 950 5223 emendatt
966 5179 974 5221 ι
992 5157 1025 5223 Ρ.
1045 5149 1197 5222 Francii.
