3932 5946
256 483 312 531 atu
784 471 995 530 ueitouolu
1019 469 1333 531 AEuuiui‘rcouuu

251 690 337 749 πολλὰ
360 688 408 765 μέν
435 690 585 765 ἇνατλάντα
612 687 658 745 καί
685 687 772 745 πάντα
797 688 1035 766 μηχανησάμενον,
1081 696 1157 746 mutia
1168 698 1317 758 tentaverat,
1338 696 1511 757 exadioqueae
1535 700 1560 745 et
1580 709 1674 745 secessu
1687 696 1711 744 in
1735 699 1873 760 peregrinas

251 776 334 856 φυγάς
346 779 369 835 θ’
385 779 457 856 αὑτῷ
479 775 525 833 καί
542 774 608 840 ἅλας
631 772 730 842 ξενικὰς
743 774 918 851 ἐπιθαλόντα,
939 775 962 833 τί
981 797 1036 840 πως
1081 786 1156 833 terras
1174 784 1349 842 mulctaverat,
1364 784 1392 832 ut
1412 786 1462 832 tam
1480 782 1576 833 crudete
1595 784 1759 846 spectacuimu
1779 787 1873 833 euitare
1955 792 1956 795 ’

251 861 439 934 instituerer
461 861 542 929 οὕτως
563 864 654 933 ἀπηνῆ
672 861 747 931 θίαν,
765 862 931 934 ίκνικηθίντα
948 865 971 920 δ’
985 861 1036 920 ὑπὸ
1081 873 1160 933 posset
1174 890 1181 920 τ
1197 874 1277 920 tamm
1288 870 1441 930 tatorictus,
1457 870 1539 920 ridere
1550 884 1595 930 ea,
1610 884 1665 933 qure
1682 871 1716 920 iiii
1727 872 1872 935 iemps-idun

224 955 297 1021 ιιι-ἠς
308 951 468 1030 εἱμαρμένης
481 949 527 1008 καί
545 950 607 1008 ideis
623 949 640 1006 ἃ
658 950 742 1007 πάλαι
765 952 837 1030 αὐτῷ
851 952 874 1008 oi
889 951 941 1009 θεοὶ
955 952 1033 1026 προῦ·
1080 958 1113 1008 dii
1126 960 1225 1008 oracuio
1236 958 1413 1022 praedixerant,
1423 961 1575 1008 coactnaest.
1609 962 1638 1008 iit
1648 975 1661 1007 e
1671 960 1802 1023 longinquo
1816 976 1871 1009 cur·

251 1038 377 1097 θίσπισαν
390 1037 580 1114 συνελαθέντα,
601 1038 734 1117 πόρρωθεν
748 1036 796 1110 pir
815 1038 849 1097 τὰ
867 1042 913 1108 τῆς
927 1038 1037 1106 διώξεως
1079 1060 1133 1095 sum
1146 1048 1171 1095 et
1183 1047 1365 1096 insectationem
1377 1047 1539 1109 prospiciens,
1558 1059 1590 1096 ex
1611 1046 1653 1107 iis,
1663 1061 1720 1109 quse
1735 1049 1768 1097 itti
1783 1050 1872 1111 sapius

250 1126 516 1206 προκατοπτειίσαντα
527 1170 536 1202 ,
548 1127 578 1184 ἐκ
593 1124 620 1184 δέ
635 1129 687 1184 τῶν
699 1126 826 1192 πολλάκις
838 1124 1036 1205 προρρηθέντων
1080 1134 1195 1196 prodicta
1210 1135 1321 1195 brenni,
1334 1135 1395 1183 iiiios
1406 1148 1464 1184 suos
1477 1148 1529 1185 ease
1548 1134 1665 1184 intellexit
1678 1157 1684 1184 ι
1699 1135 1873 1198 intensiorique

250 1212 309 1281 τοὺς
326 1215 423 1280 παῖδας
437 1202 576 1277 εἶναιτοὺς
591 1216 671 1271 αὑτοῦ
686 1210 864 1283 συννοήσαντα
883 1212 928 1269 καί
942 1233 1036 1269 συντο-
1080 1235 1169 1283 cursu,
1182 1235 1256 1285 quam
1267 1222 1357 1285 alioqui
1369 1226 1429 1272 aetas
1441 1216 1592 1285 patiebatur,
1602 1226 1754 1273 antevertere
1773 1225 1871 1274 iliorum

250 1301 370 1382 νωτίροις
383 1300 401 1372 ἢ
414 1299 470 1359 καθ’
485 1299 591 1371 ἠλικίαν
604 1300 708 1380 δρόμοις
723 1299 765 1358 ἐπὶ
778 1303 815 1379 τῷ
830 1302 925 1380 ρθῆναι
939 1299 986 1370 τὴν
1001 1299 1036 1365 τίς
1081 1309 1190 1360 nltimam
1205 1322 1321 1359 νιιειιυυνιν
1331 1310 1509 1359 consertionem
1520 1311 1760 1370 conatusast,ettam
1774 1313 1823 1361 rim
1839 1314 1872 1362 ta-

212 1405 238 1448 ιο
249 1389 322 1457 τελος
337 1392 422 1448 αὐτῶν
435 1386 590 1464 συμπλοκὴν
601 1388 647 1445 καί
661 1387 690 1446 τὸ
704 1392 784 1467 γῆρας
801 1386 970 1464 βιασάμενον,
1080 1398 1150 1448 dens
1158 1397 1284 1448 senectuti.

290 1478 331 1540 Z‘.
354 1478 405 1544 Ὦς
416 1478 439 1534 δ’
452 1469 497 1535 οὖν
512 1474 664 1546 intorqueri
676 1473 786 1545 πλησίον
798 1473 850 1547 ἤδη
865 1472 1036 1553 συμπαρίθει,
1112 1488 1167 1536 t’it.
1184 1488 1314 1548 roetqmu
1324 1485 1396 1549 igitur
1406 1485 1578 1550 supervenitet
1588 1486 1745 1549 propinatam
1756 1501 1804 1538 oua
1816 1501 1872 1537 cnr·

250 1567 286 1626 Τί
298 1571 395 1636 ταῦτα,
409 1553 431 1622 dr
444 1562 537 1640 Θύαμι
555 1563 601 1621 καί
624 1561 762 1640 Πττόσιρν,
783 1564 899 1642 συνεχῶς
918 1560 996 1633 tiis,
1012 1561 1037 1618 τί
1081 1574 1157 1634 rebat,
1166 1573 1230 1630 Quid
1242 1575 1288 1623 troc
1300 1572 1345 1623 sibi
1358 1573 1427 1634 ruit,
1439 1587 1455 1623 ο
1467 1574 1570 1636 Tiryauri
1583 1575 1610 1623 et
1626 1576 1743 1625 Petosiri?
1756 1578 1874 1627 continue

250 1658 353 1731 ταῦτα,
368 1642 510 1724 ῶπαῑδες,
527 1651 648 1709 ἀνεκάλει
670 1649 806 1716 πολλάκις.
847 1650 882 1708 Οί
898 1648 920 1708 δ’
935 1648 1037 1707 ον’νόίπω
1083 1661 1259 1711 vociferabatur
1274 1660 1368 1724 :quid,
1389 1662 1494 1722 ιννεΙιιννν,
1508 1662 1679 1712 trocamentta·
1692 1664 1871 1724 eat,tdii,are-

250 1738 299 1815 τὴν
323 1738 449 1821 πατρῴαν
466 1737 684 1818 όναγνοιρίζοντες
700 1736 777 1817 όψιν,
797 1741 843 1795 τοῦ
865 1735 912 1812 μὲν
927 1736 964 1794 ἔτι
985 1737 1038 1803 τοῖς
1082 1751 1135 1812 ptus
1149 1748 1303 1800 inclamabat.
1337 1749 1373 1798 titi
1387 1752 1483 1811 autem,
1497 1763 1554 1799 cum
1568 1750 1676 1799 ινοιιθυιιν
1687 1753 1761 1813 patris
1775 1752 1872 1803 ruitum

212 1836 394 1907 εεπτωχικοῖς
415 1826 595 1908 ἠμριεσμόνου
621 1823 743 1907 ῥάκεσιν,
768 1822 842 1884 αὐτοὶ
867 1823 889 1883 δ’
913 1822 969 1883 ὅλοι
992 1829 1038 1894 τῆς
1080 1836 1342 1899 agnoscerent,adirnc
1351 1836 1519 1887 mendicorum
1531 1838 1617 1900 pannis
1630 1839 1872 1902 restiti,etipsorum

250 1917 364 1995 άγωνίας
377 1915 463 1987 όντις,
473 1915 509 1981 ὥς
522 1938 580 1973 τινα
596 1918 647 1972 τῶν
661 1914 779 1992 ιἰγυρτῶν
793 1910 864 1983 ἧκαλ
879 1911 964 1978 άλλως
980 1913 1036 1979 ttr-
1080 1925 1177 1974 animus
1190 1927 1257 1974 totus
1271 1928 1333 1974 erret
1345 1925 1370 1973 to
1384 1924 1529 1986 certamine,
1547 1928 1663 1988 tanquam
1672 1928 1778 1989 aiiqneru
1790 1929 1871 1976 circu·

250 2003 385 2076 στηνιότων
401 2001 577 2082 παρήμειόον.
617 2003 679 2062 Τῶν
690 1998 713 2059 δ’
725 2002 770 2058 turi
782 2004 828 2058 τοῦ
842 1999 943 2078 τείχους
953 2001 976 2058 ot
990 1997 1037 2076 μέν
1081 2011 1199 2073 latorem,
1210 2015 1252 2061 aut
1269 2012 1358 2075 atioqui
1366 2025 1414 2061 uon
1426 2014 1485 2062 sads
1494 2014 1582 2063 mentis
1592 2018 1746 2078 compotem,
1760 2017 1871 2078 praeieri-

251 2091 397 2168 ἐθαύμαζον
412 2093 448 2157 ῶς
462 2090 617 2170 άρειδοῦντα
631 2092 710 2147 αὑτοῦ
735 2088 782 2146 καὶ
805 2091 839 2154 εἰς
862 2087 975 2169 ξιφήρεις
990 2091 1037 2163 ἐμ·
1081 2099 1148 2149 bant.
1183 2100 1259 2149 Eaiia
1275 2112 1345 2153 rere.
1358 2099 1483 2162 quierant
1496 2101 1520 2149 in
1534 2114 1751 2161 mum,uonnemo
1768 2103 1871 2151 miraba-

251 2179 399 2250 tritiora,
421 2181 444 2235 ai
457 2177 480 2235 δ’
495 2179 531 2243 όνς
552 2178 716 2254 παραπλῆγά
731 2175 777 2234 καί
796 2177 882 2252 μάτην
897 2174 1037 2255 φερόμενον
1081 2190 1132 2245 tur,
1149 2187 1214 2249 quod
1229 2187 1273 2236 sibi
1285 2201 1333 2237 ινοιν
1343 2191 1452 2250 parceret
1462 2192 1487 2237 et
1498 2187 1563 2238 iuter
1575 2189 1731 2251 digtadiautes'
1747 2204 1799 2239 sese
1809 2204 1871 2239 ron·

209 2282 238 2322 ao
251 2266 357 2344 ἐγέλων.
401 2264 471 2325 Ἀλλ’
485 2263 625 2331 dorcensi<
639 2267 653 2322 ό
668 2261 818 2342 πρεσόιίτης
831 2262 883 2321 ὑπὸ
897 2268 943 2333 τῆς
964 2265 1034 2321 τότε·
1078 2274 1162 2336 jiceret
1183 2294 1189 2324 ι
1211 2275 1284 2338 atiqui
1309 2288 1366 2324 νετο
1390 2279 1507 2337 tanquam
1522 2280 1644 2327 amentem
1663 2280 1689 2327 et
1705 2279 1795 2327 trustra
1818 2292 1872 2327 sese

249 2352 321 2421 λείας
335 2357 380 2413 τοῦ
394 2350 532 2432 σχήματος
545 2350 623 2409 αὑτὸν
637 2351 666 2410 οὐ
681 2349 883 2431 γνωριζόμενον,
899 2350 1035 2430 ἐγυμνώθη
1081 2362 1187 2411 medium
1202 2363 1356 2423 inferentem,
1373 2362 1492 2412 ridebant.
1526 2367 1588 2413 cum
1611 2364 1683 2425 igitur
1703 2378 1778 2414 senex
1799 2365 1871 2414 intei-

249 2440 298 2519 μίν
316 2445 370 2500 τῶν
385 2437 601 2517 ἐπιόεόλημίνων
618 2442 724 2520 ῥακῶν,
747 2439 794 2508 rip
818 2441 840 2497 δ’
854 2437 925 2519 ίερέιν
951 2439 1035 2512 κόμην
1081 2449 1193 2509 icaiaset,
1206 2463 1232 2498 ae
1248 2453 1345 2512 propter
1357 2450 1475 2500 rititatem
1488 2450 1584 2499 babitus
1596 2464 1643 2500 non
1656 2452 1753 2513 agnosci
1763 2486 1770 2508 ,
1782 2452 1871 2512 deiecit

250 2529 343 2588 ἄδυτον
358 2521 438 2588 οὖσαν
460 2531 559 2600 καθῆκε
578 2528 623 2586 καὶ
648 2527 750 2585 τὸκατ’
772 2524 852 2602 ὤμων
874 2525 977 2607 φορτίον
990 2526 1036 2584 καί
1082 2549 1184 2599 pannos.
1197 2536 1286 2598 quibus
1302 2536 1404 2600 desuper
1419 2540 1471 2588 crat
1491 2537 1587 2587 indutus
1600 2543 1624 2586 ei
1641 2550 1734 2586 sacram
1755 2552 1871 2599 ιτοιινννιι,

249 2615 297 2687 rip
311 2618 337 2675 ἐν
348 2615 425 2696 χερσὶ
437 2615 582 2695 βακτηρίαν
595 2613 757 2693 ἀπορρίψας,
771 2612 835 2684 ἔστη
849 2612 918 2672 κατά
929 2614 1036 2693 πρόσω-
1081 2639 1137 2674 cum
1156 2639 1204 2676 nou
1217 2628 1280 2676 esset
1294 2625 1406 2688 retipata,
1421 2626 1543 2689 promisit,
1557 2628 1582 2674 et
1594 2638 1666 2675 onera
1686 2625 1753 2687 quud
1770 2629 1873 2687 gerebat

210 2720 298 2763 εεπον
319 2704 366 2764 ιιαλ
386 2702 460 2785 ῶρθη
474 2703 584 2783 γεραρός
602 2726 630 2760 τε
646 2724 692 2760 και
682 2699 877 2781 ἱεροπρεπὴς,
893 2700 1037 2760 ίνπιίνκλασί
1080 2714 1105 2763 in
1118 2713 1291 2763 turmeriscum
1300 2712 1387 2762 bacuio
1400 2727 1472 2774 quem
1488 2713 1610 2763 babebat
1604 2713 1751 2763 romanibus
1764 2715 1871 2775 otrjrciu,

248 2815 265 2850 ε
264 2789 385 2872 ’ἠρίμα,
392 2814 437 2850 και
426 2789 625 2869 τὰςχεῑρας
608 2812 688 2868 αμρω
702 2791 738 2856 είς
747 2789 880 2866 ίκττηριαν
890 2791 1035 2868 προτείνας,
1079 2803 1146 2851 stetit
1154 2800 1268 2850 arirersur
1277 2804 1301 2851 et
1313 2801 1388 2851 tacre
1381 2814 1438 2864 νριιο
1447 2802 1560 2864 apparuit
1571 2800 1707 2851 venumda
1717 2815 1746 2849 ac
1757 2805 1873 2864 pontiticc

247 2869 400 2950 ssre‘rruu,
422 2876 606 2958 σθνδάκρυσιν
620 2867 844 2947 ἀνωλόλυξαν,
815 2898 888 2941 ουτος
901 2875 953 2953 ἐγὼ
975 2880 1035 2936 Κα-
1079 2890 1165 2950 digua,
1175 2889 1348 2951 aensirnquese
1361 2889 1487 2949 curuavit,
1500 2893 1525 2939 et
1541 2902 1627 2939 mnus
1636 2889 1756 2952 supptices
1771 2894 1869 2951 proten·

170 3013 172 3018 -
249 2968 312 3026 λοίσι
313 2990 366 3048 ρις,
387 2957 461 3033 οὗτός
450 2966 525 3044 ἐγὼ
535 2963 624 3045 πατὴρ
638 2971 652 3024 ό
667 2963 764 3044 ίνμίτερ
765 2986 804 3031 ος·
822 2965 901 3022 αὐτου
915 2989 943 3023 τε
956 2969 1034 3037 στῆτε
1079 2976 1151 3035 deus,
1167 2976 1271 3026 incrinus
1279 2976 1384 3034 obortis
1397 2975 1511 3037 epulando
1522 2975 1597 3027 init
1589 2976 1703 3036 ·0uui,
1713 2989 1797 3037 eergo
1811 2990 1868 3025 srrru

248 3056 294 3115 rud
313 2991 366 3126 ρτὴν
388 3057 418 3114 ἐκ
440 3058 538 3134 μοιρῶν
564 3052 660 3129 μανίαν
685 3052 817 3128 stricare,
830 3075 873 3111 τον
892 3052 974 3131 ρόντα
989 3053 1034 3112 καὶ
1079 3064 1189 3113 Catasiris
1194 3077 1297 3124 ‚errcgo
1312 3076 1367 3113 rum
1381 3066 1548 3126 resternatur.
1583 3063 1647 3114 ttic
1638 3078 1689 3127 μοι
1700 3066 1823 3113 consistite
1844 3069 1871 3113 rt

209 3143 351 3222 θθέχοντες
365 3142 411 3201 καί
430 3139 532 3202 τίθεσθ’
504 3146 598 3208 θεντες.
638 3141 703 3200 Γόίί
714 3142 738 3199 cl
754 3138 801 3217 μίν
815 3140 977 3219 παρείθησαν
990 3143 1034 3200 καὶ
1082 3151 1481 3213 turoreruquimaintatoeaortua
1489 3153 1535 3212 est,
1548 3152 1873 3214 cornpcscite,rumpatrerrr

249 3232 437 3310 κατενεχθῆναι
453 3228 547 3309 μικρὸν
564 3227 749 3299 ἀπολιπόντες,
762 3225 938 3305 προσέπιπτον
955 3228 1034 3308 άμρω
1083 3243 1108 3289 et
1133 3239 1241 3288 trotteaiir
1256 3242 1280 3288 et
1297 3239 1399 3289 revereri
1419 3237 1537 3289 debentia.
1570 3242 1625 3289 torn
1642 3243 1694 3289 tum
1710 3240 1871 3302 languebant,

248 3320 288 3399 τῷ
301 3319 382 3398 πατρί
392 3320 437 3376 καί
451 3327 503 3385 τοῖς
517 3316 609 3397 γόνασι
625 3315 898 3396 περιρόντες,πρῶτα
912 3315 958 3393 μὲν
974 3319 1033 3375 cire·
1079 3327 1221 3388 tantumque
1233 3337 1281 3373 nun
1290 3323 1405 3386 cottapsi,
1419 3323 1540 3387 proruisti
1550 3326 1608 3373 aunt
1618 3323 1649 3373 ad
1663 3337 1739 3386 genua
1757 3326 1871 3386 patriast

249 3405 368 3484 νίστερον
391 3407 528 3486 ἐνορῶντες
551 3404 735 3485 διηκριόοῦντο
757 3402 801 3461 τὸν
822 3405 1031 3483 άναγνωρισμόν.
1078 3412 1198 3475 ampteai,
1213 3413 1317 3474 primum
1330 3411 1417 3460 detixia
1431 3411 1508 3461 ocutis
1521 3411 1686 3472 intuebantur,
1701 3412 1872 3462 examinantes

248 3493 296 3561 Ὦς
310 3491 372 3552 δὀἐν
388 3493 481 3574 φάσμα
493 3493 541 3564 τὴν
553 3492 612 3574 dtur
624 3491 747 3562 ἀλήθειαν
761 3491 785 3548 δ’
797 3490 1032 3570 ἐγνώρισαν,πολλ’
1078 3500 1142 3549 itlius
1153 3499 1318 3561 agnitionem:
1338 3497 1438 3557 deinde,
1465 3502 1592 3562 postquam
1613 3512 1662 3548 nos
1676 3503 1798 3562 spectrum
1819 3513 1874 3549 ease

210 3581 306 3658 νεάμα
317 3579 362 3639 καλ
374 3580 400 3648 ἐξ
418 3581 540 3639 ἐναντίων
555 3580 681 3660 ἔπασχον.
722 3576 837 3638 Ἧδοντο
851 3578 894 3637 ἐπὶ
908 3583 946 3657 τῷ
959 3579 1033 3660 ρόντι
1078 3587 1119 3636 sed
1135 3587 1213 3649 ipsum
1227 3598 1310 3636 reuera
1332 3589 1513 3647 cognorerunt,
1528 3586 1600 3636 uariis
1617 3587 1746 3637 affectibus
1767 3591 1792 3637 et
1807 3589 1873 3637 iuter

248 3668 592 3750 σωζομίνιρπαρ’ίλντίόας·
607 3660 1032 3748 ἐρ’ᾔκατελαμόάνοντοπράξιν,
1077 3675 1238 3725 recontrariis
1249 3673 1475 3723 commovebantur.
1507 3674 1772 3737 mummurmopte
1785 3689 1871 3738 parau-

248 3756 294 3815 καὶ
304 3760 415 3829 ἠνιῶντο
428 3756 474 3813 καλ
486 3755 645 3835 ᾐσχύνοντο·
658 3760 705 3828 τῆς
714 3754 824 3825 ἀδηλίας
833 3758 884 3813 τῶν
899 3755 1034 3827 ἀποθησο·
1078 3766 1142 3824 tam,
1153 3764 1239 3824 praeter
1250 3775 1317 3824 spem
1332 3762 1488 3825 superstitem
1501 3766 1657 3825 conspertum
1676 3778 1682 3811 ν
1695 3763 1871 3813 οιοιννυίτίννιε·

248 3844 334 3923 μίνονν
346 3846 382 3910 εἷς
394 3842 508 3919 ἀγωνίαν
523 3844 690 3905 καθίσταντο.
733 3844 789 3905 Καὶ
800 3844 875 3902 ταῦτ’
887 3842 926 3902 ἔτι
937 3847 989 3902 τῶν
1003 3847 1033 3903 ἐκ
1078 3853 1119 3901 tur
1133 3853 1158 3900 et
1171 3849 1346 3899 erubescebant
1366 3852 1464 3913 propter
1482 3850 1601 3900 actionem
1620 3851 1646 3900 in
1659 3864 1708 3913 qua
1727 3851 1871 3914 deprehensi

247 3938 294 4004 τῆς
307 3932 407 3997 πόλεως
422 3931 607 4009 θαυμαζόντων
618 3933 664 3991 καὶ
682 3931 810 4010 λεγόντων
825 3931 872 4009 μὲν
887 3931 958 3990 οὐδὲν
975 3933 1032 3991 stet
1078 3938 1173 3988 tueraut
1184 3953 1191 3987 ν
1203 3942 1228 3989 et
1247 3940 1316 3989 erant
1336 3938 1433 3989 soittciti
1453 3939 1485 3989 ob
1506 3940 1644 3989 tuturorum
1665 3939 1872 3989 incertitudinem.

208 4034 236 4075 te
250 4022 431 4102 πραττόντων,
451 4020 541 4100 ὥσπερ
565 4022 589 4079 δ’
611 4023 717 4100 άχανῶν
735 4020 778 4077 ὑπ’
793 4019 898 4098 ἀγνοίας
916 4018 961 4078 καλ
982 4029 1034 4088 τοῖς
1078 4029 1230 4078 iterantem
1247 4026 1327 4076 adbuc
1343 4027 1387 4088 iis,
1407 4026 1448 4090 qui
1465 4029 1534 4077 erant
1555 4027 1581 4076 in
1595 4027 1670 4087 urbe,
1686 4027 1833 4076 mirantibus
1844 4032 1871 4077 et

247 4108 438 4189 γεγραμμένοις
451 4108 658 4189 παραπλησίων,
672 4108 737 4188 πρὸς
751 4108 833 4182 μόνην
847 4107 894 4177 τὴν
908 4108 1032 4166 dirrutu-
1078 4128 1157 4179 nequa
1179 4114 1314 4165 dicentibus
1338 4113 1485 4178 quidquam,
1513 4127 1592 4177 neque
1619 4115 1760 4178 agentibus,
1782 4122 1873 4164 rerum

247 4197 395 4273 τοημίνων,
410 4196 496 4277 ἐτερον
510 4197 625 4275 ἐγίγνετο
643 4195 854 4275 παρεγκόιιλημα
869 4200 914 4254 τοῦ
927 4196 1032 4275 δράμοι·
1079 4217 1146 4267 paene
1163 4202 1377 4266 stupentibusproe
1399 4202 1509 4263 iascttia,
1530 4205 1554 4252 et
1575 4202 1695 4265 pictorum
1706 4202 1872 4253 simittbuaad

247 4306 301 4351 τος.
341 4283 376 4344 Ἡ
398 4286 458 4361 Χαρ
461 4285 544 4342 ίιι).εια
565 4284 626 4342 κατ’
649 4284 722 4363 ίγνος
745 4283 892 4363 ἐρεπομίνη
917 4283 968 4364 γάρ
989 4289 1032 4343 τοῦ
1078 4291 1158 4340 sotum
1170 4289 1335 4354 spectacutum
1349 4291 1462 4349 arrectis,
1476 4289 1538 4340 atius
1551 4293 1620 4339 octus
1630 4291 1709 4340 obiter
1721 4290 1871 4340 iooerebatur

251 4371 483 4449 Καλασίριδοςκαλ
502 4372 634 4453 πόρρωθεν
650 4375 770 4451 ἀναγνωρ
772 4370 891 4429 ίσασα
867 4394 912 4429 τον
927 4372 1032 4450 Θεαγί-
1079 4379 1176 4428 tabuioe.
1209 4381 1269 4428 tiam
1285 4377 1410 4427 ctrariciea
1416 4377 1560 4439 ,vestig-iic
1552 4389 1682 4437 traconem
1694 4378 1870 4440 Gatasirirtem,

148 4502 157 4519 .
206 4471 235 4513 ti
248 4482 311 4531 νην,
322 4459 383 4538 (ὀξὺ
397 4460 449 4540 γάρ
462 4482 488 4518 τι
501 4459 567 4540 πρὸς
587 4460 726 4536 ἐπίγνωσιν
743 4460 903 4538 ίρωτιιιιιινὴ
919 4458 1033 4539 όψιςιιει
1078 4480 1158 4516 mure
1172 4467 1303 4529 ioupoqno
1317 4465 1467 4528 cogrrortssat
1486 4466 1789 4528 Theegeuem,(acrisert
1804 4467 1873 4516 enias

247 4548 347 4623 κίνημα
361 4547 407 4607 καλ
424 4571 517 4654 ογημα
542 4547 669 4614 πολλάκις
684 4546 781 4624 μόνον,
797 4570 845 4605 καν
863 4546 929 4626 πόρρ
916 4548 1033 4625 proderit
1079 4559 1103 4605 tu
1126 4554 1292 4617 cognoscendo
1310 4554 1445 4604 amantium
1464 4553 1604 4617 adspectus,
1623 4555 1648 4602 et
1668 4556 1751 4603 motas
1771 4556 1897 4611 hatoni

247 4636 298 4695 edu
311 4637 382 4695 ἔν’
351 4660 440 4696 νωτων
458 4639 503 4708 τῆς
515 4636 667 4714 ὁμοιότητος
681 4634 728 4707 τὴν
742 4636 888 4714 φαντασίαν
899 4636 1033 4716 παρέστη·
1079 4658 1143 4707 arr-pe
1159 4648 1184 4693 et
1197 4643 1295 4693 babitus
1301 4642 1457 4705 ,quamvise
1472 4641 1617 4704 longinquo,
1624 4642 1667 4691 aut
1679 4642 1779 4690 ettarraa
1793 4645 1872 4704 tergo,

248 4722 350 4799 cru)‚‘'
331 4747 402 4784 ωσπε
407 4726 542 4806 ρηθοέστρ
544 4728 602 4783 εἶτα
618 4725 716 4783 bno
683 4748 730 4836 της
744 4725 842 4805 ὅψεως,
857 4724 976 4798 ίμμανὴς
992 4724 1034 4783 ἐπ’
1078 4731 1241 4781 atmiiitndinis
1254 4730 1391 4794 opinionem
1405 4728 1522 4793 praebuit)
1544 4732 1661 4793 tanquam
1678 4729 1726 4778 icta
1741 4728 1809 4780 titius
1824 4729 1872 4779 ad·

248 4813 326 4871 αέντθν
337 4812 404 4871 ίεται
407 4748 464 4871 ρκαλ
473 4837 604 4897 περιρυσα
618 4819 663 4873 τοῦ
679 4814 786 4894 αὐχένος
801 4811 878 4891 άπριξ
892 4812 1030 4891 είχιτο
989 4836 1034 4871 και
1078 4825 1180 4884 specto,
1196 4817 1327 4869 turibunda
1341 4817 1388 4868 ad
1382 4831 1460 4880 ipsum
1473 4818 1549 4868 tertur
1565 4822 1591 4868 et
1602 4817 1711 4867 tuerent
1704 4817 1872 4880 ruampteau,

207 4915 236 4955 ab
249 4898 373 4980 ἐξήρτητο
385 4902 431 4958 καί
451 4910 550 4980 γοεροῖς
572 4925 626 4961 τισι
647 4904 831 4974 κατησπάζετο
844 4900 892 4959 θ
861 4924 956 4982 ρηνοις
999 4900 1034 4962 ‘O
1079 4908 1169 4957 ecoiio
1182 4908 1249 4957 uuita
1265 4919 1326 4957 νοτιν
1342 4905 1407 4955 edita
1419 4905 1552 4968 pendebat,
1565 4905 1869 4968 trrgubribnsquequibua·

249 4985 291 5056 et,
302 4977 355 5044 οἷον
377 4986 456 5059 είκος,
471 4988 606 5070 όψινρ
548 5013 574 5047 τε
592 4993 715 5070 ρυπῶσαν
731 4991 843 5049 καλο
792 4988 855 5069 πρὸς
878 5012 909 5047 το
925 4989 1034 5095 αίσγρό·
1078 4995 1135 5044 dam
1158 4995 1338 5045 tamenttseurn
1357 4992 1485 5043 saiutabat.
1518 4993 1562 5043 iiie
1575 4996 1673 5056 autern,
1689 4998 1718 5041 ut
1733 4995 1769 5043 ast
1784 4993 1871 5043 wisi-

248 5094 322 5151 τερον
334 5075 566 5150 ἐπιτετηδευμινην
577 5077 654 5149 ίδων
669 5078 715 5136 καὶ
724 5081 821 5149 tadum
835 5077 1034 5156 τετρυχωμένην
1079 5084 1152 5144 urite,
1165 5082 1259 5133 ruitum
1276 5082 1414 5145 squalidum
1427 5083 1452 5131 et
1465 5094 1496 5132 ex
1513 5081 1632 5132 industria
1645 5081 1766 5145 poliutum
1784 5080 1871 5132 rideas

248 5161 293 5221 καί
315 5171 523 5239 κατερρωγυῑαν,
547 5162 638 5246 ὥσπερ
661 5164 769 5223 τινλ
733 5190 785 5225 των
810 5167 968 5242 ἀγειρουσῶν
990 5163 1034 5221 καί
1078 5175 1104 5221 et
1116 5177 1207 5221 restem
1222 5172 1295 5221 ritem
1308 5183 1337 5219 ac
1351 5170 1454 5219 tacerem
1464 5205 1471 5229 ,
1482 5170 1555 5219 vetuti
1566 5170 1673 5233 aiiqaam
1686 5183 1718 5219 ex
1732 5168 1871 5219 circniatri·

249 5251 351 5323 άληθῶς
374 5251 481 5324 ἀλῆτιν,
505 5252 622 5310 διωθεῖτο
643 5253 688 5310 καί
715 5255 936 5330 παρηγκωνίζετο.
980 5251 1034 5313 Καὶ
1078 5260 1148 5310 cibus
1162 5263 1187 5310 et
1199 5274 1282 5310 reuera
1294 5256 1476 5320 vagabundum,
1498 5258 1626 5321 repeitebat
1638 5271 1667 5308 aa
1687 5256 1810 5320 rejiciebat
1823 5276 1830 5306 :
1844 5260 1873 5309 et
